2692 3675
567 142 678 187 111111
700 141 739 187 11.
1144 127 1185 191 35

173 306 230 374 23.
262 307 409 385 Legionis
424 327 524 369 nonae
546 314 578 368 et
598 308 738 368 decimae
753 308 879 385 milites,
896 314 932 369 ut
953 315 986 368 in
1006 310 1136 370 sinistra

131 412 220 484 parte
235 405 301 465 acie
316 405 532 481 constiterant,
548 406 623 483 pilis
639 405 772 480 emissis,
789 425 882 466 cursu
897 426 932 466 ac
946 406 1134 467 lassitudine

131 503 325 564 exanimatos
341 503 585 581 vulneribusque
599 503 758 563 confectos
770 503 938 564 Atrebates
948 523 1069 563 —nam
1083 504 1134 564 his

131 620 168 661 ea
192 620 264 679 pars
288 600 659 660 obvenerat-celeriter
681 620 720 659 ex
744 601 812 660 loco
838 601 997 679 superiore
1023 602 1055 660 in
1081 601 1135 661 flu-

132 718 203 758 men
228 698 445 775 oompulcrunt
470 704 502 758 et
526 698 661 783 transire
675 704 834 758 conantes
860 698 993 759 insecuti
1020 698 1132 776 gladiis
1158 724 1169 772 ς

132 814 274 871 magnam
299 801 421 873 partem
446 814 553 855 eorum
576 795 760 873 impeditam
786 795 1022 856 interfecerunt.
1065 796 1134 874 Ipsi

132 894 265 952 transire
286 892 403 951 flumen
425 911 486 952 non
509 892 743 967 dubitaverunt,
759 898 792 953 et
813 892 846 951 in
867 893 969 953 locum
989 893 1134 971 iniquum
1186 959 1189 965 ,

131 990 301 1067 progressi,
314 1007 422 1049 rursus
444 988 628 1049 resistentes
651 989 758 1049 hostes
780 990 992 1067 redintegrato
1014 990 1133 1067 proelio

130 1087 164 1145 in
179 1088 285 1163 fugam
299 1086 506 1147 coniecerunt.
550 1087 632 1146 ltem
653 1087 717 1146 alia
737 1086 770 1146 in
792 1092 881 1165 parte
896 1087 1038 1147 diversae
1054 1088 1132 1148 duae

130 1184 278 1261 legiones
304 1184 469 1243 undecima
492 1190 524 1243 et
549 1189 667 1259 octava,
695 1184 869 1261 profligatis
895 1185 1131 1260 Veromanduis,
1158 1208 1184 1239 ιο

131 1282 315 1360 quibuscum
344 1287 433 1341 erant
460 1281 629 1358 congressi,
656 1300 695 1341 ex
719 1281 787 1341 loco
812 1282 970 1359 superiore
995 1282 1029 1341 in
1053 1282 1132 1359 ipsis

130 1378 268 1438 fluminis
291 1378 368 1456 ripis
391 1378 632 1455 proeliabantur.
676 1379 722 1437 At
742 1378 818 1438 totis
841 1379 906 1438 fere
930 1398 950 1437 a
973 1379 1078 1439 fronte
1100 1384 1133 1439 et

130 1477 169 1537 ab
190 1476 319 1535 sinistra
340 1481 428 1553 parte
452 1476 579 1535 nudatis
604 1476 726 1548 castris
749 1495 819 1535 cum
845 1476 879 1534 in
903 1477 1014 1536 dextro
1036 1496 1132 1537 cornu

129 1573 212 1650 legio
233 1573 416 1633 duodecima
436 1578 469 1633 et
491 1592 552 1633 non
574 1592 686 1650 magno
705 1574 743 1633 ab
760 1592 797 1633 ea
814 1571 982 1634 intervallo
997 1574 1133 1652 septima

130 1671 334 1745 constitisset,
363 1689 469 1730 omnes
497 1671 608 1730 Nervii
637 1671 870 1731 confertissimo
898 1671 1022 1748 agmine
1053 1672 1132 1732 duce
1156 1697 1180 1745 ις

129 1768 335 1845 Boduognato
353 1766 407 1846 qui
425 1786 578 1827 summam
596 1768 708 1847 imperi
726 1770 862 1844 tenebat,
878 1769 918 1829 ad
937 1787 1008 1828 eum
1027 1769 1131 1830 locum

130 1867 375 1941 contenderunt;
401 1884 532 1943 quorum
558 1885 629 1943 pars
656 1872 764 1944 aperto
788 1866 887 1928 latere
911 1866 1050 1944 legiones
1076 1868 1132 1927 cir-

129 1963 316 2037 cumvenire,
333 1981 404 2039 pars
420 1980 575 2021 summum
590 1968 764 2022 castrorum
778 1963 881 2024 locum
895 1970 1002 2043 petere
1017 1965 1129 2042 coepit.

171 2060 227 2125 24.
255 2061 375 2119 Eodem
390 2065 528 2136 tempore
543 2061 665 2137 equites
681 2060 781 2120 nostri
796 2062 938 2140 levisque
955 2067 1130 2122 armaturae

129 2157 259 2235 pedites
283 2157 337 2234 qui
359 2175 430 2216 cum
450 2156 490 2215 iis
515 2176 578 2216 una
603 2158 738 2233 fuerant,
762 2177 839 2236 quos
864 2159 966 2237 primo
989 2159 1129 2219 hostium
1153 2189 1181 2221 20

129 2255 250 2332 impetu
278 2254 384 2331 pulsos
413 2253 562 2328 dixeram,
592 2273 663 2314 cum
692 2274 725 2315 se
754 2253 787 2314 in
815 2261 919 2316 castra
945 2255 1128 2334 reciperent,

129 2351 269 2410 adversis
284 2350 426 2410 hostibus
441 2352 644 2411 occurrebant
666 2371 703 2413 ac
723 2371 830 2412 rursus
848 2352 943 2412 aliam
960 2353 994 2412 in
1007 2359 1130 2433 partem

130 2449 236 2525 fugam
259 2448 424 2524 petebant,
446 2453 478 2507 et
499 2449 632 2523 calones,
656 2448 709 2527 qui
732 2450 771 2508 ab
793 2451 964 2510 decumana
982 2456 1074 2528 porta
1094 2469 1130 2512 ac

129 2564 250 2604 summo
272 2545 344 2622 iugo
365 2545 454 2606 collis
475 2552 600 2605 nostros
617 2546 750 2606 victores
766 2546 882 2606 flumen
895 2547 1047 2607 transisse
1061 2566 1130 2608 con-

128 2643 304 2720 spexerant,
320 2642 491 2721 praedandi
514 2661 608 2702 causa
628 2643 755 2725 egressi,
771 2663 842 2703 cum
864 2644 1075 2722 respexissent
1097 2651 1129 2704 et
1152 2671 1178 2718 ²5

127 2740 233 2800 hostes
261 2740 295 2798 in
322 2739 439 2799 nostris
468 2739 580 2800 castris
604 2740 724 2800 versari
752 2740 915 2817 vidissent,
941 2731 1128 2821 praecipites

126 2838 220 2914 fugae
241 2856 309 2898 sese
330 2838 532 2898 mandabant.
577 2837 678 2898 Simul
700 2857 806 2897 eorum
828 2839 883 2916 qui
906 2858 976 2899 cum
1001 2840 1130 2918 impedi-

126 2937 241 3004 mentis
263 2935 432 2996 veniebant
453 2935 569 2995 clamor
590 2935 800 3012 fremitusque
822 2937 989 3012 oriebatur,
1011 2938 1128 3016 aliique

126 3033 219 3092 aliam
242 3033 275 3091 in
296 3039 418 3111 partem
438 3032 598 3110 perterriti
614 3033 807 3092 ferebantur.
851 3033 968 3104 Quibus
984 3035 1127 3095 omnibus

125 3131 217 3190 rebus
239 3129 373 3208 permoti
394 3129 517 3207 equites
539 3128 677 3204 Treveri,
694 3149 825 3207 quorum
849 3130 931 3190 inter
945 3132 1054 3192 Gallos
1069 3131 1129 3191 vir·
1151 3155 1178 3201 30

124 3227 204 3286 tutis
226 3227 332 3304 opinio
354 3232 403 3286 est
424 3226 602 3304 singularis,
620 3226 673 3304 qui
696 3226 794 3286 auxili
818 3245 912 3286 causa
935 3229 974 3287 ab
998 3228 1127 3288 civitate

124 3325 165 3385 ad
187 3324 351 3386 Caesarem
373 3322 462 3382 missi
485 3329 644 3394 venerant,
667 3343 737 3384 cum
763 3323 967 3384 multitudine
988 3325 1127 3386 hostium
