2692 3675
176 130 220 197 24
538 143 569 192 c.
593 142 670 191 rum
694 139 872 189 cursurus

226 312 267 373 ad
280 312 452 373 exercitum
464 312 559 371 venit.
590 310 654 370 Dat
670 309 831 387 negotium
845 308 1020 369 Senonibus
1036 309 1227 389 reliquisque

227 410 338 485 Gallis,
359 409 415 488 qui
436 407 564 468 finitimi
585 407 693 484 Belgis
715 411 812 481 erant,
833 406 881 465 uti
906 424 1044 485 eaquae
1068 407 1152 484 apud
1175 425 1227 467 eos

226 512 375 585 gerantur
394 510 582 583 cognoscant
603 522 700 582 seque
721 504 759 563 de
781 503 832 562 his
855 503 947 563 rebus
968 502 1133 563 certiorem
1154 503 1227 563 faci·

226 611 290 666 ant.
326 603 371 663 Hi
388 607 569 663 constanter
583 619 691 661 omnes
710 600 937 682 nuntiaverunt
956 619 1067 660 manus
1087 600 1164 677 cogi,
1179 619 1228 661 er-

190 730 202 781 5
227 703 359 764 ercitum
372 702 407 760 in
420 720 518 760 unum
535 699 638 759 locum
652 698 792 759 conduci.
835 698 916 756 Tum
930 716 1005 757 vero
1022 697 1227 757 dubitandum

226 819 289 861 non
303 798 497 859 existimavit
512 796 589 876 quin
604 796 644 855 ad
658 813 711 856 eos
728 794 988 874 proficisceretur.
1031 796 1078 855 Re
1092 797 1228 855 frumen·
1242 848 1255 864 ,

226 897 308 958 teria
321 903 499 976 comparata
515 902 618 957 eastra
639 902 744 956 movet
765 895 938 975 diebusque
959 895 1085 957 circiter
1102 896 1228 976 quinde-

226 996 287 1055 cim
301 994 433 1056 adfines
448 996 616 1072 Belgarum
633 994 786 1073 pervenit.

267 1092 300 1160 3.
329 1094 376 1153 Eo
401 1113 472 1155 cum
496 1095 535 1154 de
560 1094 731 1172 improviso
754 1094 949 1173 celeriusque
971 1093 1057 1154 omni
1082 1094 1227 1173 opinione

177 1218 204 1251 ιο
227 1191 375 1267 venisset,
395 1191 496 1267 Remi,
515 1190 570 1270 qui
592 1190 727 1269 proximi
751 1191 874 1252 Galliae
895 1210 935 1251 ex
955 1192 1063 1269 Belgis
1084 1197 1168 1266 sunt,
1188 1193 1228 1252 ad

225 1308 297 1349 eum
317 1288 437 1366 legatos
457 1288 576 1349 Iccium
592 1294 625 1349 et
643 1289 931 1349 Andecumborium
950 1290 1068 1367 primos
1087 1288 1227 1350 civitatis

226 1386 379 1447 miserunt
394 1385 448 1464 qui
464 1386 620 1447 dicerent:
643 1386 700 1445 ‘Se
723 1404 841 1464 suaque
855 1386 961 1447 omnia
977 1387 1011 1445 in
1025 1386 1119 1447 fidem
1132 1391 1228 1465 atque

225 1482 259 1541 iu
276 1489 465 1561 potestatem
484 1482 593 1562 populi
612 1483 748 1544 Romani
770 1483 962 1562 permittere,
980 1503 1081 1562 neque
1102 1503 1136 1544 se
1157 1502 1228 1543 cum

226 1580 333 1657 Belgis
358 1580 488 1658 reliquis
513 1581 708 1641 consensisse
734 1599 835 1659 neque
860 1586 970 1641 contra
992 1581 1143 1659 populum
1168 1581 1230 1641 Ro

177 1703 201 1752 ¹5
228 1695 354 1736 manum
378 1677 565 1753 coniurasse,
588 1682 776 1755 paratosque
801 1696 870 1737 esse
894 1683 928 1738 et
951 1678 1075 1738 obsides
1100 1678 1174 1737 dare
1195 1683 1229 1739 et

226 1773 379 1852 imperata
397 1773 500 1834 facere
519 1778 551 1834 et
570 1775 694 1854 oppidis
714 1774 851 1854 recipere
873 1782 905 1836 et
927 1775 1085 1834 frumento
1104 1775 1230 1836 ceteris-

225 1890 286 1951 que
305 1873 397 1932 rebus
417 1871 541 1948 iuvare3
564 1872 701 1951 reliquos
720 1891 829 1932 omnes
848 1873 961 1951 Belgas
982 1873 1014 1932 in
1034 1873 1129 1932 armis
1148 1892 1226 1949 esse,

227 1971 461 2049 Germanosque
484 1970 540 2050 qui
567 1971 612 2031 eis
642 1971 790 2031 Rhenum
817 1971 957 2030 incolant
982 1989 1050 2031 sese
1077 1990 1148 2030 oum
1175 1970 1228 2031 his

225 2067 433 2144 coniunxisse,
449 2073 634 2147 tantumque
655 2087 723 2129 esse
745 2087 850 2128 eorum
871 2068 1010 2127 omnium
1031 2068 1169 2128 furorem
1190 2073 1230 2128 ut

174 2192 204 2224 ιο
226 2183 265 2224 ne
280 2164 462 2226 Suessiones
478 2167 611 2245 quidem,
625 2166 740 2226 iratres
756 2165 1062 2244 consanguineosque
1077 2184 1159 2240 suos,
1171 2165 1230 2243 qui

225 2261 334 2322 eodem
354 2262 421 2322 iure
447 2269 478 2323 et
504 2263 603 2323 isdem
627 2263 750 2340 legibus
776 2269 915 2338 utantur,
938 2281 1036 2322 uuum
1060 2262 1230 2340 imperium

224 2377 384 2437 unumque
406 2359 624 2436 magistratum
646 2380 717 2420 cum
737 2360 815 2438 ipsis
836 2359 981 2435 habeant,
1001 2360 1158 2420 deterrere
1175 2378 1232 2438 po-

224 2454 346 2514 tuerint
360 2455 437 2533 quin
452 2456 587 2517 cumbis
601 2457 837 2517 consentirent!

265 2551 299 2619 4.
329 2552 408 2613 (lum
422 2553 461 2613 ab
474 2552 525 2613 his
541 2560 705 2632 quaereret
725 2574 804 2633 quae
819 2555 965 2615 civitates
981 2560 1178 2633 quantaeque
1194 2554 1229 2614 in

174 2677 199 2726 25
226 2649 321 2710 armis
346 2655 452 2710 essent
477 2656 508 2711 et
533 2650 608 2729 quid
632 2651 772 2713 inbelle
798 2658 936 2730 possent,
963 2651 1008 2712 sic
1033 2647 1230 2730 reperiebat:

224 2747 390 2826 plerosque
418 2747 531 2824 Belgas
556 2767 624 2809 esse
649 2755 733 2810 ortos
759 2749 798 2810 ab
826 2749 992 2811 Germanis
1017 2748 1232 2826 Rhenumque

224 2844 401 2924 antiquitus
420 2846 580 2906 traductos
602 2852 731 2925 propter
750 2847 811 2907 loci
836 2847 1036 2906 fertilitatem
1057 2845 1102 2905 ibi
1123 2863 1233 2905 conse-

224 2942 308 3002 disse
323 2942 494 3021 Gallosque
509 2943 564 3022 qui
578 2963 614 3004 ea
627 2945 697 3007 loca
712 2946 884 3007 incolerent
902 2946 1069 3026 expulisse,
1082 2944 1232 3021 solosque

223 3058 291 3099 esse
306 3038 362 3118 qui
375 3045 501 3118 patrum
515 3047 694 3103 nostrorum
710 3044 866 3120 memoria,
884 3044 969 3104 omni
984 3044 1090 3105 Gallia
1103 3046 1232 3118 vexata,

174 3163 202 3209 30
226 3137 382 3196 Teutonos
404 3137 608 3215 Cimbrosque
628 3139 714 3199 intra
734 3140 813 3200 fines
835 3160 908 3201 suos
934 3138 1056 3217 ingredi
1081 3139 1234 3219 prohibu·

224 3231 323 3309 eriut;
352 3252 474 3311 quaer
498 3254 530 3294 re
552 3234 620 3293 fieri
641 3236 690 3295 uti
712 3255 819 3296 earum
843 3256 947 3297 rerum
971 3237 1122 3297 memoria
1145 3255 1234 3313 mag·
1329 3232 1330 3281 l

224 3347 296 3386 nam
315 3328 377 3389 sibi
396 3331 616 3390 auctoritatem
636 3350 827 3411 magnosque
846 3333 978 3412 spiritus
997 3333 1033 3393 in
1046 3352 1080 3395 re
1094 3332 1233 3394 militari
