2692 3675
143 140 186 207 12
348 138 351 142 ’
465 140 625 207 cAEsAR’s
648 156 782 205 cnnmc
805 156 894 206 wne

193 326 260 387 loco
286 327 455 387 secundum
480 326 597 386 flamen
620 344 737 404 paucae
762 325 916 387 statienes
944 326 1088 406 equitum
1115 329 1195 390 vide

192 423 318 483 bantur.
362 423 517 483 Flaminis
533 428 601 484 erat
615 423 751 483 altitado
765 424 881 501 pedum
896 424 1021 484 circiter
1035 426 1141 485 trium.
1169 450 1200 541 s

340 553 503 598 summum,
516 540 626 588 culmea.
743 539 901 597 intremus,
914 541 994 589 intra.

341 623 475 679 declivis,
485 622 618 682 proclivis.
743 623 776 669 in
788 625 917 679 occulto,
929 623 1043 673 abditus.

340 718 439 765 vergo,
450 705 576 764 pertineo.
745 706 845 763 statio,
859 705 986 754 eustadio

340 791 456 845 nascor,
471 787 553 846 orior,
566 785 590 833 4.
742 788 871 845 circiter,
886 787 928 836 ad.

210 955 275 1073 7322
286 955 360 1029 plan
377 957 415 1029 of
428 954 527 1013 attoclc
543 956 570 1011 is
587 954 721 1029 stiffully
737 956 857 1019 carried
875 961 926 1012 oct
945 956 983 1030 by
999 956 1045 1013 tte
1064 957 1180 1015 Nervii.

222 1069 287 1143 ‘192
319 1075 433 1135 Caesar
458 1075 602 1152 equitatu
627 1075 798 1153 praemisso
824 1075 1074 1153 subsequebatur
1101 1078 1197 1136 omni·

192 1172 250 1232 bus
266 1171 372 1250 capiis.
416 1172 477 1232 Sed
492 1173 575 1249 quod
593 1172 632 1231 ad
649 1172 757 1231 hostes
776 1172 1055 1250 adpropinquabat,
1071 1181 1196 1235 censue

192 1270 301 1329 tudine
331 1288 388 1329 sua
417 1288 473 1329 sex
501 1260 641 1345 'legiones
671 1269 834 1347 expeditas
862 1270 1010 1346 ducebat3
1041 1277 1113 1349 post
1142 1290 1195 1331 eas

191 1373 291 1428 tetius
309 1366 464 1427 exercitus
484 1366 709 1444 impedimenta
726 1365 920 1442 conlocarat;
942 1367 1015 1427 inde
1030 1369 1108 1427 duae
1122 1369 1197 1446 legi-

156 1480 171 1531 s
192 1473 276 1540 anes,
292 1484 371 1543 quae
387 1464 527 1542 proxime
545 1469 739 1541 conscriptae
756 1468 974 1538 erant,tetu1n
992 1472 1102 1541 agmen
1117 1466 1197 1525 clau-

192 1564 308 1623 debant
322 1560 540 1639 praesidiaque
555 1560 789 1639 impedimentis
805 1566 903 1623 crant.
936 1562 1069 1639 Equites
1084 1564 1202 1639 nostris

192 1679 263 1720 cum
284 1657 496 1717 funditoribus
519 1658 753 1735 sagittariisque
774 1657 890 1717 flamen
911 1658 1108 1734 transgressi,
1124 1679 1196 1719 cum

192 1756 332 1816 hostium
351 1755 496 1831 equitatu
514 1755 667 1832 proelium
686 1760 915 1814 commiserunt.
926 1756 1013 1858 lffli
1031 1774 1064 1815 sc
1082 1756 1195 1816 identi-

192 1856 263 1915 dem
282 1853 316 1912 in
335 1852 431 1912 silvas
452 1852 491 1912 ad
508 1871 581 1912 suos
601 1852 793 1929 recipiebant
816 1861 851 1912 ac
873 1860 978 1913 rars'us
1000 1873 1039 1913 ex
1060 1852 1141 1914 silua
1161 1854 1196 1913 in

143 1969 172 2002 ιο
192 1957 315 2012 nostros
337 1950 490 2032 impetum
511 1949 677 2009 faciebant.
720 1949 854 2010 Interim
875 1951 1014 2027 legiencs
1036 1970 1099 2024 sex,
1115 1970 1195 2029 quac

191 2055 309 2128 primae
325 2052 483 2122 venerant,
500 2066 592 2124 opcre
610 2047 750 2106 dimenso
765 2052 868 2106 castra
883 2054 1001 2107 mimire
1016 2054 1216 2134 coeperunt,

193 2145 257 2206 Ubi
283 2151 383 2223 prima
407 2144 632 2222 impedimenta
655 2143 757 2203 nostri
780 2144 937 2204 exercitus
961 2145 1000 2204 ab
1023 2145 1063 2204 iis
1087 2145 1194 2223 quiin

192 2241 282 2302 silvis
305 2241 405 2300 abditi
428 2240 570 2300 latebant
596 2247 664 2300 visa
689 2246 771 2316 sunt,
796 2241 901 2300 subito
928 2242 1072 2302 omnibus
1096 2243 1194 2320 capiis
1257 2259 1262 2270 ·

192 2338 438 2418 provolaverunt
459 2337 675 2416 impetumque
697 2339 730 2396 in
752 2343 875 2397 nostros
898 2339 1020 2416 equites
1042 2341 1184 2400 iecerunt

143 2450 171 2499 1⁵
193 2437 252 2495 His
271 2433 366 2494 facile
385 2429 488 2511 pulsis
507 2443 543 2495 ac
561 2436 764 2512 preturbatis,
783 2435 960 2496 incredibili
977 2437 1138 2496 celerit'te
1155 2375 1215 2496 aff

191 2533 307 2593 flamen
323 2535 576 2606 decucurrerunt,
592 2536 628 2590 ut
645 2551 742 2608 paene
760 2539 821 2591 imo
839 2537 979 2610 tempore
995 2535 1035 2593 ad
1051 2534 1147 2593 silvas
1162 2539 1194 2594 et

191 2630 225 2689 in
244 2629 371 2692 flamine
389 2636 422 2692 et
440 2629 503 2689 iam
524 2628 555 2686 in
574 2628 719 2688 manibus
738 2629 854 2688 nostris
876 2630 984 2690 hostes
1000 2631 1192 2691 viderentur.

191 2728 309 2788 Eadem
331 2719 437 2788 aut'em
458 2725 619 2786 celeritate
640 2726 772 2784 adverso
794 2726 872 2786 colle
898 2728 938 2786 ad
961 2734 1069 2787 nostra
1092 2732 1194 2788 castra

192 2830 286 2903 atque
301 2844 352 2884 eos
368 2823 471 2902 quiin
486 2842 578 2900 opere
593 2823 736 2901 occupati
751 2829 841 2883 erant
856 2826 1091 2884 contenderunt.
1129 2876 1141 2905 f

257 2944 432 2999 subsequor,
440 2939 595 3000 preceptor,
610 2937 649 2986 11.
825 2941 975 2998 dimetior,
988 2941 1087 2990 metior.
1117 2918 1122 2927 ⁴

257 3026 390 3082 conloco,
401 3023 482 3084 pauo,
496 3021 519 3071 8.
609 3068 615 3077 ,
824 3025 913 3081 lateo,
927 3037 967 3072 me
978 3023 1041 3072 celo.

257 3107 471 3166 transgredior,
486 3105 599 3154 transeo,
825 3108 959 3163 prevoio,
970 3106 1078 3166 praruo.

257 3189 431 3244 identidem,
445 3188 540 3235 iterum
552 3193 629 3247 utque
641 3187 746 3236 iterum.
825 3191 981 3244 proturbo,
988 3188 1065 3248 supe.

257 3273 369 3327 tarsus,
382 3271 485 3318 iterum.
634 3274 636 3279 '
826 3282 927 3326 paene,
934 3270 1001 3329 sere.

258 3352 510 3412 interimentum,
525 3348 564 3400 12.
825 3353 982 3409 contendo,
995 3364 1115 3416 propero,
1130 3351 1153 3404 7.
1246 3376 1250 3379 ·
1336 3326 1338 3339 Ι
