2692 3675
150 122 193 187 84
504 134 537 183 o.
560 130 840 184 romoansaars

200 299 269 360 fieri
283 304 442 379 oporteret
456 317 518 359 non
533 298 637 360 minus
652 299 812 359 commode
830 298 894 380 ipsi
913 300 974 361 sibi
992 301 1195 380 praescribere

201 416 294 475 quam
313 397 352 457 ab
372 396 443 457 aliis
463 396 566 455 doceri
587 401 750 474 poterant3
772 401 805 456 et
824 398 908 476 quod
928 398 967 458 ab
985 417 1078 476 opere
1098 399 1197 477 singn-

200 494 302 573 lisque
323 492 498 570 legionibus
519 492 661 569 singulos
682 492 802 570 legatos
824 494 939 555 Caesar
959 495 1117 556 discedere
1137 499 1197 559 nisi

201 590 331 651 munitis
346 589 457 649 castris
473 595 624 649 vetuerat.
668 590 715 648 Hi
733 596 864 669 propter
882 592 1150 672 propinquitatem
1167 604 1199 657 et

166 717 177 767 ς
200 688 393 749 celeritatem
408 686 548 746 hostium
561 686 643 745 nihil
657 687 721 747 iam
736 687 879 748 Caesaris
896 688 1063 768 imperium
1079 712 1196 773 exspec-

200 785 319 860 tabant,
335 785 390 843 sed
404 802 460 861 per
475 802 507 843 se
523 802 601 861 quae
616 783 805 843 videbantur
818 786 1089 850 administrabant.

243 881 295 947 21.
324 882 438 941 Caesar
454 880 638 941 necessariis
654 882 746 941 rebus
760 881 923 961 imperatis
940 886 981 945 ad
994 887 1200 951 cohortandos

201 981 318 1040 milites
344 998 437 1057 quam
461 979 496 1038 in
520 986 642 1058 partem
666 982 733 1041 fors
758 982 873 1042 obtulit
897 984 1075 1045 decucurrit
1101 993 1135 1047 et
1162 989 1201 1049 ad

201 1081 355 1159 legionem
384 1080 536 1140 decimam
562 1080 698 1142 devenit.
741 1081 863 1141 Milites
887 1100 951 1141 non
975 1082 1114 1159 longiore
1138 1104 1203 1145 ora-

155 1205 180 1235 10
201 1179 286 1238 tione
302 1178 482 1238 cohortatus
500 1198 593 1255 quam
614 1179 663 1239 uti
684 1198 759 1239 suae
779 1178 932 1257 pristinae
945 1179 1075 1240 virtutis
1090 1200 1205 1242 memo

202 1276 280 1336 riam
305 1276 476 1335 retinerent
501 1294 562 1335 neu
587 1278 846 1354 perturbarentur
869 1276 974 1337 animo
1000 1277 1203 1356 hostiumque

202 1377 354 1455 impetum
376 1375 503 1434 fortiter
526 1374 729 1450 sustinerent,
752 1375 835 1453 quod
859 1393 923 1434 non
945 1374 1070 1452 longius
1094 1375 1204 1437 hostes

202 1474 331 1533 aberant
346 1493 439 1551 quam
454 1491 516 1550 quo
530 1473 629 1531 telum
643 1472 724 1532 adici
739 1477 854 1550 posset,
869 1471 970 1550 proeli
984 1473 1203 1534 committendi

202 1571 326 1646 signum
341 1572 437 1630 dedit.
476 1571 581 1649 Atque
595 1569 630 1628 in
644 1570 776 1629 alteram
790 1574 913 1647 partem
927 1568 1004 1629 item
1018 1570 1206 1631 cohortandi

155 1694 179 1742 15
202 1686 296 1727 causa
316 1668 476 1745 profectus
502 1667 714 1745 pugnantibus
739 1666 882 1727 occurrit.
925 1666 1088 1744 Temporis
1112 1671 1208 1729 tanta

203 1766 266 1827 fuit
287 1765 443 1844 exiguitas
464 1764 665 1843 hostiumque
687 1770 752 1824 tam
774 1769 903 1843 paratus
927 1764 968 1823 ad
992 1763 1208 1824 dimicandum

203 1867 334 1939 animus,
359 1869 395 1925 ut
423 1883 486 1922 non
510 1864 601 1922 modo
626 1864 666 1923 ad
691 1862 829 1939 insignia
851 1862 1123 1937 adcommodanda,
1148 1866 1208 1924 sed

203 1965 299 2025 etiam
324 1964 363 2024 ad
389 1962 492 2039 galeas
518 1961 693 2020 induendas
719 1960 880 2037 scutisque
904 1959 1078 2036 tegimenta
1101 1960 1209 2020 detru-

204 2063 305 2122 denda
318 2067 442 2139 tempus
457 2058 603 2118 defuerit.
647 2057 746 2128 Quam
762 2057 895 2134 quisque
912 2056 952 2116 ab
968 2075 1061 2134 opere
1082 2055 1116 2116 in
1137 2077 1211 2136 par-

153 2187 182 2219 20
203 2165 268 2218 tem
295 2178 369 2219 casu
397 2156 524 2217 devenit
549 2173 690 2233 quaeque
718 2153 821 2232 prima
847 2153 939 2231 signa
965 2154 1138 2232 conspexit,
1164 2157 1211 2216 ad

204 2257 279 2316 haec
302 2255 454 2331 constitit,
477 2272 516 2313 ne
539 2253 572 2313 in
595 2252 783 2331 quaerendis
804 2250 870 2311 suis
893 2251 1055 2329 pugnandi
1078 2257 1209 2331 tempus

204 2352 386 2413 dimitteret.

245 2450 302 2516 22.
331 2450 491 2508 Instructo
507 2447 646 2507 exercitu
661 2447 760 2525 magis
782 2452 819 2507 ut
838 2446 900 2506 loci
921 2447 1211 2508 natura'deiectus-

205 2567 265 2626 que
289 2546 378 2608 collis
400 2551 432 2604 et
446 2537 624 2604 ¹necessitas
645 2543 797 2623 temporis
819 2563 912 2622 quam
932 2549 970 2603 ut
991 2544 1036 2603 rei
1057 2544 1209 2604 militaris

156 2668 180 2716 ²⁵
204 2646 285 2705 ratio
299 2650 393 2720 atque
408 2643 483 2701 ordo
497 2642 686 2719 postulabat,
699 2661 769 2701 cum
785 2641 919 2701 diversis
934 2641 1110 2718 legionibus
1125 2641 1210 2700 aliae

204 2742 267 2803 alia
290 2741 323 2800 in
348 2744 436 2818 parte
462 2739 604 2797 hostibus
631 2738 824 2813 resisterent,
850 2738 1058 2815 saepibusque
1086 2737 1209 2797 densis-

205 2838 302 2913 simis,
330 2842 367 2896 ut
395 2842 467 2895 ante
497 2834 789 2908 demonstravimus,
818 2833 994 2894 interiectis
1022 2839 1209 2912 prospectus

205 2935 419 3012 impediretur,
435 2951 537 3009 neque
558 2937 644 2990 certa
664 2932 805 2991 subsidia
826 2931 988 3005 conlocari,
1006 2950 1108 3009 neque
1129 2931 1210 3008 quid

205 3032 238 3092 in
263 3050 384 3109 quaque
413 3035 504 3108 parte
531 3047 609 3105 opus
638 3033 722 3087 esset
751 3027 917 3106 provideri,
946 3047 1049 3104 neque
1078 3028 1117 3087 ab
1143 3048 1209 3088 uno

153 3151 179 3194 30
204 3128 310 3188 omnia
330 3126 462 3203 imperia
482 3124 696 3184 administrari
722 3129 877 3199 poterant.
925 3125 1039 3201 Itaque
1063 3125 1208 3185 intanta

204 3244 308 3282 rerum
332 3221 511 3298 iniquitate,
526 3220 673 3277 fortunae
698 3237 822 3294 quoque
846 3225 978 3278 eventus
1000 3220 1081 3278 varii
1102 3239 1209 3297 seque·

206 3321 326 3379 bantur.
