2692 3675
575 174 685 221 111111
708 174 748 221 11.
1142 160 1183 224 21

132 344 270 403 adventu
284 348 317 403 et
329 341 439 401 Remis
459 360 529 401 cum
549 360 604 420 spe
624 341 819 401 defensionis
841 342 982 402 studium
1004 362 1135 422 propug-

132 440 229 499 nandi
243 439 383 514 aocessit,
396 444 428 499 11
443 438 586 498 hostibus
602 439 710 499 eadem
724 440 763 498 111
782 457 877 501 causa
895 458 966 518 spes
988 441 1134 519 potiundi

132 536 241 616 oppidi
255 536 408 596 discessit.
445 537 558 613 Itaque
575 536 736 614 paulisper
750 537 834 614 apud
852 537 1003 615 oppidum
1020 540 1135 599 morati

132 652 285 712 agrosque
306 634 476 693 Remorum
499 634 690 711 depopulati,
709 634 853 693 omnibus
871 634 950 694 vicis
971 635 1136 696 aedificiis·

133 750 193 809 que
218 749 295 809 quos
320 732 406 790 adire
431 735 600 808 potuerant
625 729 770 806 incensis,
796 732 836 790 ad
864 737 967 792 castra
991 732 1133 793 Caesaris
1159 761 1171 810 ς

132 828 276 888 omnibus
305 828 403 906 copiis
431 828 661 888 contenderunt
686 832 724 887 et
756 828 795 888 ab
826 828 954 889 milibus
985 848 1133 908 passuum
1159 832 1162 839 '

131 923 236 985 minus
262 925 383 985 duobus
408 930 511 985 castra
535 930 723 1002 posuerunt3
753 944 832 1003 quae
856 931 967 1002 castra,
989 933 1025 987 ut
1046 927 1134 987 fumo

132 1028 226 1100 atque
251 1022 376 1099 ignibus
402 1021 645 1099 significabatur,
670 1022 805 1101 amplius
830 1023 957 1084 milibus
985 1044 1135 1105 passuum

132 1126 203 1180 octo
223 1120 257 1178 in
277 1119 479 1178 latitudinem
500 1119 657 1196 patebant.

172 1215 207 1282 8.
237 1216 351 1278 Caesar
368 1216 468 1293 primo
485 1222 517 1275 11
536 1222 665 1294 propter
684 1217 920 1279 multitudinem
940 1219 1080 1280 bostium
1099 1226 1132 1281 et
1159 1251 1183 1282 ω
1273 1266 1278 1275 ,

132 1319 260 1392 proptor
279 1313 426 1373 eximiam
446 1313 624 1391 opinionem
642 1314 771 1374 virtutis
792 1316 911 1393 proelio
932 1318 1133 1395 supersedere

132 1414 263 1490 statuit3
291 1412 406 1473 cotidie
428 1417 535 1472 tamen
556 1414 754 1490 equestribus
780 1414 908 1491 proeliis
931 1415 1013 1493 quid
1031 1416 1133 1477 hostis

132 1510 250 1570 virtute
279 1515 386 1588 posset
414 1515 446 1570 et
474 1509 550 1588 quid
579 1510 680 1570 nostri
707 1511 859 1570 auderent
886 1512 1131 1590 periclitabatur.

133 1607 198 1667 Ubi
217 1613 340 1667 nostros
361 1627 423 1667 non
445 1626 512 1667 esse
531 1607 698 1668 inferiores
718 1607 885 1684 intellexit,
904 1609 972 1669 loco
993 1630 1050 1689 pro
1071 1630 1133 1671 cas-

131 1710 190 1770 tris
206 1712 245 1770 ad
259 1710 357 1770 aciem
372 1711 587 1770 instruendam
598 1716 713 1771 natura
726 1716 901 1789 opportuno
912 1718 1006 1790 atque
1021 1712 1133 1773 idoneo
1158 1743 1182 1790 ις

15 1793 18 1800 ’
88 1834 92 1839 „
131 1808 266 1887 -quod
287 1809 314 1869 is
336 1808 434 1885 collis,
456 1809 510 1870 ubi
531 1815 636 1870 castra
659 1811 765 1889 posita
785 1818 882 1888 erant,
905 1812 1068 1891 paululum
1094 1832 1132 1872 ex

8 1911 13 1956 ὲ
131 1906 264 1985 planitie
287 1907 391 1968 editus
414 1913 539 1967 tantum
561 1909 710 1967 adversus
728 1908 762 1967 in
781 1908 982 1969 latitudinem
1004 1911 1133 1988 patebat

8 1999 18 2043 5
131 2014 285 2088 quantum
301 2008 362 2068 loci
379 2008 461 2068 acies
481 2009 636 2070 instructa
655 2030 805 2089 occupare
826 2017 959 2090 poterat,
979 2019 1072 2090 atquo
1093 2033 1132 2072 ex

131 2113 264 2185 utraque
292 2114 381 2186 parte
409 2109 517 2168 lateris
546 2109 686 2169 deiectus
715 2110 850 2169 habebat
878 2116 910 2170 et
937 2111 971 2169 in
995 2112 1132 2172 frontem

14 2205 20 2242 2
131 2203 246 2264 leniter
270 2205 440 2281 fastigatus
465 2205 619 2282 paulatim
647 2207 688 2265 ad
716 2206 882 2284 planitiem
910 2209 1133 2270 redibat—ab
1154 2239 1190 2272 20·

9 2301 24 2350 ὅ
131 2311 264 2384 utroque
287 2307 387 2366 latere
411 2307 478 2366 eius
504 2307 592 2366 collis
620 2312 832 2368 transversam
857 2311 976 2370 fossam
1000 2312 1132 2373 obduxit

8 2397 25 2444 '2‘
131 2403 256 2464 circiter
278 2421 427 2482 passuum
451 2407 750 2484 quadringentorum
775 2414 807 2468 et
831 2410 871 2468 ad
895 2416 1050 2472 extremas
1072 2413 1132 2471 fos-

8 2493 20 2546 ³:
131 2518 182 2561 sas
211 2504 341 2564 castella
364 2504 529 2564 constituit
557 2505 662 2583 ibique
690 2512 849 2568 tormenta
875 2509 1058 2583 conlocavit,
1082 2530 1130 2583 ne,

8 2601 22 2646 ¹1²
130 2619 200 2659 cum
229 2601 326 2661 aciem
355 2600 567 2678 instruxisset,
590 2603 706 2680 hostes,
729 2606 813 2683 quod
840 2611 964 2673 tantum
991 2607 1132 2666 multitu-

8 2701 24 2765 ts}
130 2697 202 2758 dine
220 2705 374 2777 poterant,
390 2699 430 2760 ab
446 2700 597 2761 lateribus
616 2709 793 2779 pugnantes
813 2722 885 2763 suos
906 2704 1131 2764 circumvenire
1154 2732 1180 2780 ²5

8 2793 25 2849 11
129 2802 267 2873 possent.
320 2798 390 2857 Hoc
418 2799 503 2858 facto
532 2801 650 2860 duabus
679 2802 855 2878 legionibus
884 2822 961 2880 quas
990 2803 1130 2880 proxime

14 2897 26 2942 l
128 2893 357 2971 conscripserat
381 2895 415 2955 in
440 2897 551 2956 castris
576 2897 705 2971 relictis,
728 2905 773 2972 ut,
797 2898 824 2958 si
849 2919 910 2976 quo
935 2919 1013 2977 opus
1038 2905 1129 2973 esset,

14 2999 24 3036 ‘2
129 2988 269 3049 subsidio
291 2991 362 3051 duci
383 2999 522 3069 possent,
543 2994 681 3070 reliquas
703 3015 758 3054 sex
779 2995 918 3072 legiones
940 3016 997 3073 pro
1018 2997 1129 3056 castris

8 3087 30 3145 is
129 3085 161 3142 in
184 3086 248 3162 acie
270 3089 444 3148 constituit.
488 3091 607 3149 Hostes
629 3090 705 3150 item
728 3111 800 3152 suas
825 3092 930 3171 copias
956 3112 995 3153 ex
1019 3094 1130 3153 castris

128 3182 256 3242 eductas
271 3183 496 3246 instruxerant.
1154 3220 1180 3264 3Ο

10 3337 12 3344 g
169 3279 203 3344 9.
230 3269 325 3340 Palus
341 3288 408 3342 erat
424 3303 486 3342 non
501 3303 613 3360 magna
626 3283 711 3345 inter
724 3291 868 3346 nostrum
883 3292 976 3364 atque
990 3287 1130 3372 bostium

10 3386 31 3431 1
127 3375 308 3441 exercitum.
358 3379 450 3441 Hanc
473 3380 501 3443 si
523 3380 624 3445 nostri
645 3383 818 3446 transirent
842 3383 949 3447 hostes
974 3390 1130 3469 exspecta·
