2692 3675
558 140 667 187 urana
690 141 726 189 11.
1132 122 1173 190 37

121 310 174 371 alii
189 309 363 370 subsidium
379 309 485 384 ferret,
502 326 602 385 neque
617 308 767 368 timerent
789 326 827 367 ne
849 309 951 367 aversi
972 308 1011 367 ab
1032 307 1122 367 hoste

120 406 427 481 circumvenirentur,
449 406 598 465 audacius
620 405 768 465 resistere
789 424 824 465 ac
846 404 961 465 fortius
983 423 1122 483 pugnare

120 510 296 583 coeperunt.
339 503 471 562 Interim
495 501 613 562 milites
636 502 795 580 legionum
821 503 961 577 duarum,
985 522 1063 581 quae
1087 500 1121 562 in

120 601 290 661 novissimo
302 601 425 677 agmine
437 598 593 679 praesidio
605 598 839 677 impedimentis
855 601 990 676 fuerant,
1004 601 1121 679 proelio

120 698 264 758 nuntiato
285 716 378 758 cursu
400 697 532 757 incitato
554 696 586 755 in
609 715 731 757 summo
748 697 827 757 colle
842 698 881 758 ab
895 697 1039 760 hostibus
1054 718 1123 759 con·
1146 727 1157 773 ς

119 795 348 873 spiciebantur;
370 801 402 854 et
422 796 455 853 'lt
474 794 630 854 Labienus
653 794 765 855 eastris
787 794 926 855 hostium
947 797 1067 873 potitus
1089 805 1121 858 et

119 912 156 952 ex
177 892 245 952 loco
268 893 427 970 superiore
449 910 528 969 quae
549 910 600 951 res
622 891 655 951 in
676 892 793 952 nostris
810 893 922 953 castris
938 899 1121 970 gererentur

118 990 315 1068 conspicatus
344 989 497 1049 decimam
524 988 680 1066 legionem
710 989 850 1049 subsidio
878 991 994 1051 nostris
1022 992 1118 1053 misit.

119 1087 178 1157 Qui
200 1106 269 1147 cum
291 1106 331 1147 ex
352 1086 492 1165 equitum
518 1092 551 1147 et
572 1086 717 1147 calonum
738 1088 821 1164 fuga,
845 1107 907 1166 quo
927 1088 961 1148 in
981 1090 1049 1150 loco
1070 1109 1120 1150 res

118 1190 213 1258 esset,
239 1190 418 1262 quantoque
447 1184 480 1242 in
508 1183 648 1261 periculo
676 1189 709 1244 et
736 1190 840 1245 castra
866 1192 899 1245 et
925 1186 1063 1263 legiones
1088 1194 1120 1248 et
1145 1210 1171 1241 10

117 1281 288 1359 imperator
310 1288 495 1357 versaretur,
513 1281 742 1359 cognovissent,
763 1282 845 1341 nihil
866 1283 906 1343 ad
927 1284 1120 1345 celeritatem

118 1379 178 1438 sibi
194 1378 309 1456 reliqui
324 1379 475 1438 fecerunt.

158 1475 213 1541 27.
243 1477 365 1535 Horum
380 1476 518 1537 adventu
533 1482 741 1538 tartarorum
755 1478 958 1538 commutatio
972 1484 1021 1539 est
1034 1480 1120 1541 facta

117 1578 153 1632 ut
178 1573 287 1647 nostri,
310 1574 405 1633 etiam
427 1575 480 1652 qui
504 1575 686 1636 vulneribus
712 1575 848 1634 confecti
870 1576 1117 1655 procubuissent,

118 1670 215 1729 scutis
237 1670 339 1729 innixi
360 1671 512 1749 proelium
534 1672 800 1750 redintegrarent3
822 1677 889 1731 tum
908 1673 1032 1735 calones
1053 1695 1119 1753 per·
1143 1700 1167 1747 ις

117 1766 245 1827 territos
270 1766 376 1827 hostes
399 1769 572 1848 conspicati
592 1770 689 1829 etiam
710 1770 844 1829 inermes
866 1770 995 1831 armatis
1016 1791 1119 1832 occur·

117 1872 242 1943 rorent,
277 1866 400 1946 equites
431 1886 513 1943 vero,
546 1873 582 1928 ut
613 1868 843 1946 turpitudinem
874 1868 968 1944 fugae
998 1870 1118 1931 virtute

119 1966 268 2041 delerent,
291 1967 434 2026 omnibus
456 1966 489 2025 in
514 1966 590 2026 loeis
613 1986 736 2044 pugnae
757 1985 790 2026 se
810 1967 991 2042 legionariis
1012 1967 1120 2026 militi-

119 2065 176 2122 bus
191 2063 394 2141 praeferrent.
437 2064 482 2123 At
498 2064 607 2124 hostes
624 2063 720 2123 etiam
735 2063 769 2121 in
783 2069 923 2122 extrema
936 2083 992 2140 spe
1007 2063 1119 2123 salutis

118 2164 238 2218 tantam
270 2159 421 2219 virtutem
454 2161 683 2237 praestiterunt
711 2165 757 2235 ut,
786 2179 854 2220 cum
888 2160 983 2237 primi
1014 2179 1120 2220 eorum
1141 2189 1170 2220 20

118 2255 315 2330 cecidissent,
352 2256 487 2333 proximi
526 2257 700 2317 iacentibus
734 2257 918 2316 insisterent
951 2263 1046 2334 atque
1080 2275 1119 2314 ex

118 2369 227 2410 eorum
257 2351 437 2430 corporibus
468 2359 662 2430 pugnarent3
698 2353 749 2412 his
780 2353 909 2413 deiectis
939 2357 973 2412 et
1002 2371 1119 2413 coacer-

121 2447 204 2508 vatis
219 2447 429 2522 cadaveribus
447 2449 501 2527 qui
521 2452 722 2525 superessent
742 2453 778 2507 ut
800 2466 838 2507 ex
859 2447 982 2508 tumulo
1003 2449 1068 2510 tela
1088 2449 1123 2510 in

120 2550 244 2605 nostros
259 2545 436 2605 conicerent
450 2552 482 2605 et
497 2545 563 2623 pila
577 2545 754 2622 intercepta
768 2544 982 2605 remitterent:
1004 2552 1041 2606 ut
1059 2567 1121 2608 non

119 2642 310 2720 nequiquam
326 2649 432 2702 tantae
446 2643 574 2702 virtutis
588 2625 731 2701 homines
746 2641 877 2701 iudicari
889 2643 1016 2704 deberet
1030 2663 1121 2705 ausos
1144 2670 1170 2716 ²5

119 2757 188 2798 esse
215 2739 349 2799 transire
377 2740 568 2800 latissimum
600 2739 726 2814 flumen,
756 2740 922 2800 ascendere
949 2741 1121 2802 altissimas

118 2836 213 2914 ripas,
232 2837 336 2897 subire
359 2837 591 2915 iniquissimum
613 2837 734 2913 locum;
757 2856 836 2914 quae
859 2836 966 2898 facilia
986 2857 1025 2898 ex
1046 2838 1122 2898 diffi-

117 2933 247 2993 cillimis
263 2935 360 2994 animi
375 2935 557 3011 magnitudo
575 2935 743 3011 redegerat.

161 3030 218 3096 28.
248 3033 317 3092 Hoc
330 3032 447 3109 proelio
462 3032 546 3092 facto
561 3037 594 3091 et
609 3051 705 3110 prope
720 3033 758 3092 ad
774 3031 1018 3094 internecionem
1029 3041 1121 3111 gente

117 3148 154 3188 ac
179 3129 304 3188 nomine
329 3129 518 3188 Nerviorum
543 3129 668 3189 redacto
693 3129 825 3191 maiores
849 3135 933 3206 natu,
958 3151 1036 3208 quos
1058 3151 1122 3193 una
1143 3155 1171 3202 3⁰

116 3245 190 3286 eum
204 3227 308 3304 pueris
324 3226 570 3305 mulieribusque
587 3226 619 3284 in
637 3227 794 3286 aestuaria
810 3246 845 3287 ao
860 3228 990 3305 paludes
1006 3229 1121 3290 coniec-

115 3329 168 3384 tos
187 3323 375 3400 dixeramus,
405 3322 462 3382 hac
478 3342 581 3400 pugna
595 3323 750 3400 nuntiata,
765 3342 836 3383 cum
851 3324 1024 3384 victoribus
1039 3325 1120 3385 nihil
