2692 3675
561 173 671 225 menn
694 174 733 224 11.
1128 159 1169 226 25

119 349 283 404 sumerent.
319 343 366 403 De
381 362 632 403 numerosorum
652 344 758 406 omnia
776 364 810 406 se
828 344 942 407 habere
957 345 1120 425 explorata

119 440 208 500 Remi
229 440 384 515 dicebant,
406 446 572 518 propterea
593 442 678 520 quod
698 442 988 521 propinquitatibus
1011 442 1118 505 adfini-

118 537 296 616 tatibusque
315 536 482 613 coniuncti,
502 543 652 616 quantam
673 538 806 617 quisque
827 539 1064 600 multitudinem
1085 540 1119 600 in

118 634 272 695 communi
292 634 460 710 Belgarum
481 634 612 694 concilio
634 635 674 694 ad
695 634 729 695 id
750 636 867 697 bellum
890 636 1051 714 pollicitus
1075 639 1119 699 sit

117 730 325 809 cognoverint.
365 730 541 790 Plurimum
562 731 646 792 inter
667 752 720 793 eos
742 733 924 795 Bellovacos
946 741 979 796 et
998 736 1117 797 virtute
1141 764 1154 814 ς

117 838 148 892 et
161 820 346 891 auctdritate
361 836 393 890 et
408 830 570 890 hominum
584 850 714 891 numero
729 832 850 892 valere:
872 832 929 893 hos
943 853 1035 913 posse
1050 854 1119 895 con-

116 931 206 991 ficere
221 935 340 990 armata
353 928 443 988 milia
453 935 587 1005 centum,
601 929 759 1007 pollicitos
774 949 813 990 ex
827 950 864 991 eo
874 951 1004 991 numero
1018 932 1119 992 electa

117 1029 286 1106 sexaginta,
302 1027 463 1106 totiusque
477 1026 553 1087 belli
568 1027 736 1105 imperinm
751 1028 811 1088 sibi
826 1029 995 1107 postulare.
1029 1030 1118 1090 Sues·

115 1128 217 1187 aiones
246 1145 318 1187 suos
347 1145 416 1187 esse
444 1124 614 1185 finitimos:
647 1104 819 1185 latissimos
844 1126 1116 1206 feracissimosque

115 1243 204 1301 agros
224 1224 392 1303 possidere.
435 1223 532 1301 Apud
556 1241 608 1283 eos
633 1223 734 1283 fuisse
758 1242 863 1300 regem
887 1230 996 1284 nostra
1018 1223 1114 1285 etiarn
1141 1253 1168 1286 ιο

108 1322 263 1383 memoria
285 1322 487 1397 Divitiacum,
508 1320 608 1381 totius
631 1320 754 1382 Galliae
776 1320 1040 1399 potentissimum,
1061 1321 1116 1400 qui

114 1437 183 1479 oum
203 1438 332 1496 magnae
352 1418 452 1497 partis
472 1417 584 1478 harum
602 1417 764 1495 regionum
789 1418 973 1478 tumeliam
994 1419 1117 1479 Britan·
1175 1446 1179 1453 ·

114 1516 184 1576 niae
198 1516 365 1594 imperium
379 1514 568 1575 obtinuerit:
592 1534 674 1575 nunc
693 1534 762 1575 esse
781 1534 885 1593 regem
904 1516 1054 1594 Galbam3
1075 1517 1116 1577 ad

115 1611 196 1672 hunc
213 1618 341 1691 propter
356 1604 513 1672 iustitiam
532 1612 795 1690 prudentiamque
814 1631 902 1673 suam
920 1612 1020 1672 totius
1038 1612 1115 1673 belli

114 1728 267 1770 summam
288 1708 428 1769 omnium
447 1709 610 1769 voluntate
631 1709 766 1769 desernit
792 1709 908 1788 oppida
927 1709 1041 1770 habero
1061 1729 1116 1770 nu·
1140 1737 1165 1787 ις

113 1825 199 1867 mero
220 1805 440 1885 x11‚,polliceri
461 1805 550 1868 milia
570 1812 691 1867 armata
712 1806 957 1887 quinquaginta;
982 1806 1115 1868 totidem

112 1904 258 1980 Nervios,
276 1904 331 1982 qui
353 1904 487 1965 maxime
509 1903 571 1963 feri
591 1903 677 1964 inter
695 1903 780 1982 ipsos
801 1904 985 1981 habeantur,
1002 1905 1116 1983 longis·

112 2001 256 2079 simeque
280 1999 403 2076 absint3
429 1999 609 2077 quindecim
631 1999 721 2060 milia
743 2001 921 2077 Atrebates,
945 2002 1118 2062 Ambianos

111 2100 220 2158 decom
246 2095 343 2171 milia,
366 2095 506 2154 Morinos
530 2114 601 2155 xxv
625 2096 723 2172 milia,
749 2099 914 2176 Menapios
937 2118 989 2159 vn
1013 2099 1119 2177 milia3

112 2197 237 2258 Caletos
267 2212 290 2251 x
316 2192 419 2267 milia;
443 2191 626 2252 Velocasses
651 2199 684 2253 et
705 2194 942 2255 Veromanduos
966 2194 1116 2275 totidem3
1143 2227 1170 2256 20

111 2295 295 2353 Aduatucos
315 2289 423 2348 decem
439 2293 470 2348 et
484 2307 597 2347 novem
616 2290 705 2348 milia
714 2313 722 2368 3
744 2292 932 2368 Condrusos,
946 2294 1117 2370 Eburones,

112 2394 292 2464 (laeroesos,
311 2386 494 2460 Paemcnos
511 2385 565 2463 qui
579 2405 642 2446 uno
656 2387 783 2449 nomine
800 2389 950 2451 Germani
963 2390 1121 2470 appellan-

110 2497 173 2566 tur,
189 2486 338 2550 arbitrari
355 2485 395 2545 ad
409 2503 452 2542 xc
470 2482 565 2544 milia

152 2587 186 2654 5.
218 2588 333 2649 Caesar
364 2583 481 2642 Remos
510 2582 692 2644 cohortatus
719 2584 954 2664 liberaliterque
978 2585 1119 2646 oratione

108 2690 295 2765 prosecutus
315 2701 438 2742 omnem
460 2686 604 2740 senatum
624 2683 665 2742 ad
686 2701 720 2742 se
740 2683 907 2743 convenire
928 2683 1118 2762 principum·
1142 2712 1169 2759 ις

108 2804 171 2863 que
186 2784 302 2844 liberos
321 2782 445 2844 obsides
460 2781 502 2840 ad
516 2799 549 2840 sc
568 2779 682 2839 adduci
702 2779 805 2840 iussit.
848 2781 933 2850 Quae
955 2779 1060 2839 omnia
1080 2780 1119 2840 ab

107 2881 160 2942 his
189 2882 359 2960 diligenter
388 2881 430 2940 ad
458 2879 542 2939 diem
570 2878 655 2938 facta
682 2885 766 2939 sunt.
822 2878 896 2957 Ipse
924 2877 1119 2938 Divitiacum

108 2981 256 3041 Aeduum
275 3000 387 3058 magno
404 2999 497 3059 opere
512 2979 694 3039 cohortatus
709 2976 799 3036 docet
819 2981 938 3055 quanto
959 2994 1052 3054 opere
1073 2975 1119 3035 rei

106 3078 254 3156 publicae
283 3080 518 3158 communisque
545 3077 656 3138 salutis
684 3076 812 3136 intersit
840 3093 950 3134 manus
978 3073 1119 3135 hostium

107 3177 264 3256 distineri,
283 3201 322 3241 ne
338 3201 409 3244 cum
431 3185 521 3241 tanta
542 3176 746 3236 multitudine
768 3194 830 3234 uno
851 3180 991 3252 tempore
1013 3173 1118 3234 confli·
1142 3203 1169 3250 3⁶

108 3281 247 3357 gendum
266 3279 315 3340 sit.
362 3280 401 3339 Id
416 3279 485 3338 fieri
499 3296 600 3356 posse,
617 3275 644 3336 si
659 3294 732 3335 suas
747 3273 852 3352 copias
867 3273 970 3333 Aedui
990 3273 1024 3332 in
1040 3273 1118 3333 fines

107 3376 355 3440 Bellovacorum
371 3372 604 3436 introduxerint
618 3378 650 3433 et
667 3391 774 3432 eorum
788 3391 879 3449 agros
895 3370 1039 3450 populari
1054 3389 1120 3430 coe·
