2692 3675
501 189 503 193 .
572 155 684 203 arnna
704 154 745 203 1n
1138 137 1179 201 29

131 324 280 405 pinquare
297 328 515 405 cognoverant.
558 322 620 383 His
641 322 823 401 persuaderi
839 328 877 383 ut
893 319 1013 382 diutius
1033 340 1130 382 mora

131 428 236 483 rentur
250 442 352 501 neque
367 421 432 483 suis
447 420 600 481 auxilium
615 420 736 481 ferrent
750 439 812 480 non
827 424 959 499 poterat.

169 518 218 584 ll.
247 521 294 580 Ea
309 538 342 579 re
359 519 541 593 constituta,
558 518 695 578 secunda
707 517 819 595 vigilia
835 536 949 595 magno
967 536 1037 577 cum
1054 522 1131 576 stre-

131 616 200 694 pitu
213 635 249 677 ac
263 616 403 677 tumultu
419 615 531 676 castris
548 614 676 692 egressi,
691 613 780 674 nullo
796 619 882 675 certo
899 613 1008 674 ordine
1029 631 1130 691 neque

130 714 269 792 imperi0,
284 732 353 774 cum
370 713 432 773 sibi
449 712 583 791 quisque
601 711 738 790 primum
755 711 878 771 itineris
892 711 996 771 locum
1009 716 1131 789 peteret
1156 738 1167 787 5

131 817 161 870 et
184 811 311 871 domum
334 810 499 889 pervenire
524 814 714 888 properaret,
736 809 881 869 fecerunt
901 813 937 868 ut
958 807 1130 869 consimilis

130 909 222 986 fugae
246 907 401 986 profectio
425 906 594 967 videretur.
645 907 716 966 Hac
744 925 777 965 re
802 906 912 966 statim
937 906 1051 967 Caesar
1075 924 1131 984 per

130 1006 341 1085 speculatores
363 1003 488 1081 cognita
503 1003 636 1064 insidias
651 1003 782 1079 veritus,
798 1003 882 1081 quod
901 1022 964 1081 qua
981 1003 1020 1062 de
1038 1021 1133 1063 causa

130 1103 326 1163 discederent
350 1103 489 1161 nondum
511 1105 724 1181 perspexerat,
747 1100 919 1161 exercitum
944 1099 1132 1178 equitatum·

131 1218 190 1278 que
209 1198 320 1261 caetris
339 1198 504 1259 continuit.
547 1198 655 1259 Prima
674 1199 745 1259 luce
765 1198 949 1259 confirmata
968 1218 1002 1259 re
1023 1199 1062 1259 ab
1083 1218 1133 1259 ex·
1156 1227 1181 1260 ιο

130 1296 339 1375 ploratoribus
364 1315 489 1356 omnem
513 1295 691 1374 equitatum
712 1296 767 1374 qui
789 1295 997 1356 novissimum
1021 1314 1133 1373 agmen

130 1398 303 1454 moraretur
317 1392 488 1472 praemisit.
518 1392 580 1452 His
595 1393 629 1464 Q.
642 1392 777 1453 Pedium
791 1398 824 1453 et
838 1394 872 1453 L.
884 1393 1133 1453 Aurunculeium

130 1492 253 1553 Cottam
268 1491 389 1568 legatos
404 1490 571 1569 praefecit3
591 1492 627 1550 Τ.
638 1490 811 1551 Labienum
823 1490 962 1568 legatum
975 1510 1046 1551 oum
1059 1490 1134 1568 legi·

130 1589 241 1650 onibus
260 1588 362 1648 tribus
384 1587 534 1665 subsequi
555 1587 657 1648 iussit.
699 1588 746 1647 Hi
766 1588 954 1649 novissimos
976 1588 1079 1649 adorti
1099 1594 1133 1649 et

130 1687 232 1774 multa
255 1685 345 1745 milia
368 1703 518 1764 passuum
542 1685 703 1763 prosecuti
727 1704 869 1763 magnam
894 1685 1131 1746 multitudinem
1157 1711 1180 1761 ις

130 1802 237 1845 eorum
256 1782 447 1860 fugientium
468 1782 767 1858 conciderunt,.cum
788 1784 828 1845 ab
848 1789 988 1844 extremo
1009 1782 1132 1861 agmine

130 1882 170 1942 ad
191 1900 269 1960 quos
290 1886 419 1940 rentum
442 1886 510 1941 erat
532 1881 741 1942 consisterent
765 1882 954 1959 fortiterque
979 1881 1132 1960 impetum

129 1984 307 2038 nostrorum
331 1977 470 2037 militum
490 1977 701 2055 sustinerent;
726 1979 855 2057 priores,
878 1979 961 2057 quod
985 1965 1094 2039 abesse
1115 1997 1134 2038 a

130 2075 269 2155 periculo
283 2074 466 2135 viderentur
481 2094 582 2152 neque
596 2075 663 2134 ulla
677 2075 866 2136 necessitate
883 2094 984 2153 neque
1002 2067 1133 2154 imperio

130 2173 374 2246 continerentur,
403 2171 552 2232 exaudito
579 2172 715 2232 clamore
746 2173 939 2250 perturbatis
970 2173 1132 2233 ordinibus
1155 2201 1182 2234 ιο
1292 2225 1294 2230 .

130 2287 239 2329 omnes
258 2269 292 2328 in
311 2268 388 2344 fuga
408 2267 469 2328 sibi
490 2252 683 2346 praesidium
703 2275 863 2347 ponerent.
906 2270 958 2330 Ita
978 2270 1046 2330 sine
1067 2270 1133 2330 ullo
1246 2317 1254 2328 .

130 2364 270 2444 periculo
298 2369 421 2425 tantam
448 2382 555 2424 eorum
582 2364 820 2425 multitudinem
846 2366 948 2427 nostri
973 2367 1135 2428 interfece-

129 2467 206 2522 runt
227 2466 381 2540 quantum
405 2461 468 2520 fuit
493 2460 557 2521 diei
582 2461 730 2540 spatium,
751 2463 810 2523 sub
830 2482 1034 2543 occasumque
1056 2464 1133 2525 solis

128 2558 331 2635 destiterunt,
357 2576 453 2637 seque
477 2557 511 2619 in
534 2563 646 2636 castra,
671 2564 708 2619 ut
736 2565 805 2621 erat
832 2560 1029 2640 imperatum,
1052 2581 1133 2624 rece·

127 2661 252 2736 perunt.
467 2734 475 2742 ss
1154 2686 1182 2738 ις

170 2753 224 2821 12.
253 2752 412 2814 Postridie
433 2753 500 2815 eius
525 2753 589 2814 diei
613 2753 736 2831 Caesar,
759 2755 942 2835 priusquam
967 2775 1000 2817 se
1024 2756 1133 2817 hostes
1214 2790 1217 2794 ·

127 2857 308 2913 exterrere
329 2869 365 2913 ao
386 2852 463 2930 fuga
483 2851 667 2930 reciperent,
688 2851 722 2911 in
742 2852 820 2913 fines
843 2853 1054 2929 Suessionum,
1076 2853 1150 2932 qui-

126 2949 266 3028 proximi
284 2948 393 3009 Remis
412 2953 510 3025 erant,
526 2948 699 3010 exercitum
720 2949 813 3010 duxit
833 2955 866 3010 ct
886 2969 999 3027 magno
1018 2950 1132 3011 itinere

125 3047 272 3108 confecto
299 3047 339 3106 ad
366 3045 518 3124 oppidum
545 3045 772 3105 Noviodunum
801 3047 971 3108 contendit.
1024 3049 1065 3109 Id
1093 3067 1133 3108 ex

126 3143 241 3204 itinere
256 3160 436 3221 oppugnare
455 3147 593 3218 conatus,
611 3144 695 3221 quod
708 3162 842 3204 vacuum
858 3144 898 3204 ab
914 3145 1131 3206 defensoribus
1154 3175 1181 3221 30

125 3259 197 3301 esse
218 3239 374 3314 audiebat,
396 3245 525 3318 propter
545 3239 748 3300 latitudinem
769 3241 873 3300 fossae
896 3241 1039 3320 murique
1063 3241 1132 3302 alti-

124 3337 271 3402 tudinem
302 3335 410 3420 pancis
441 3336 684 3401 defendentibus
716 3356 895 3420 expugnare
925 3357 990 3400 non
1016 3338 1157 3422 potuit..
