2692 3675
541 139 572 187 0.
596 139 675 187 mm
697 138 874 185 CAESARIS

226 305 423 389 impeditum,
438 307 532 367 victis
547 306 629 365 nihil
644 312 750 365 tutum
764 304 1001 379 arbitrarentur,
1017 302 1156 363 omnium
1174 300 1232 379 qui

227 410 411 482 supererant
425 423 579 464 consensu
593 404 714 480 legatos
730 403 769 462 ad
784 402 950 463 Caesarem
965 401 1119 460 miserunt
1133 417 1231 476 seque

227 500 258 561 ei
274 500 480 578 dediderunt;
502 506 534 560 et
555 500 590 560 in
611 500 882 560 commemoranda
895 498 1035 558 civitatis
1051 496 1231 556 calamitate

227 617 268 657 ex
288 598 445 657 sexcentis
467 599 506 658 ad
527 603 592 658 tres
611 602 779 672 senatores,
801 615 840 655 ex
859 595 1023 655 hominum
1042 592 1167 653 milibus
1186 611 1231 652 nx

193 718 204 766 5
228 696 283 754 vix
304 696 344 755 ad
365 695 554 772 quingentos
576 694 630 772 qui
652 713 740 754 arma
759 694 842 753 ferre
861 696 991 771 possent
1005 710 1073 751 sese
1087 690 1230 749 redactos

229 810 296 852 esse
311 792 465 852 dixerunt.
509 792 592 862 Quos
610 792 733 866 Caesar,
749 796 785 850 ut
807 790 842 848 in
862 790 992 849 miseros
1014 807 1050 848 ac
1071 786 1231 865 supplices

228 908 304 949 usus
332 888 545 949 misericordia
568 888 737 963 videretur,
763 886 1007 964 diligentissime
1031 883 1232 945 conservavit

230 986 357 1063 suisque
377 986 492 1046 finibus
515 982 609 1064 atque
630 985 755 1063 oppidis
777 984 825 1044 uti
846 984 950 1059 iussit,
965 987 999 1043 et
1017 980 1160 1041 finitimis
1175 980 1233 1038 im-

229 1084 353 1160 peravit
366 1088 403 1142 ut
418 1083 457 1142 ab
470 1082 588 1142 iniuria
602 1087 634 1141 et
648 1082 801 1141 maleficio
819 1100 852 1141 se
869 1098 1004 1158 suosque
1018 1078 1230 1157 prohiberent

181 1201 207 1232 10
271 1179 328 1245 29.
356 1180 524 1255 Aduatuci,
541 1179 707 1256 dequibus
723 1197 818 1257 supra
834 1168 1027 1256 scripsimus,
1043 1195 1113 1235 cum
1133 1174 1233 1234 omni·

229 1278 287 1338 bus
309 1278 407 1356 copiis
429 1277 547 1338 auxilio
568 1276 698 1336 Nerviis
711 1276 866 1351 venirent,
881 1275 941 1334 hac
961 1292 1067 1353 pugna
1084 1272 1234 1331 nuntiata

229 1395 269 1434 ex
289 1374 403 1435 itinere
424 1375 551 1434 domum
566 1378 783 1450 reverterunt3
805 1372 926 1433 cunctis
941 1370 1066 1449 oppidis
1080 1368 1233 1429 castellis-

230 1492 290 1549 que
305 1472 438 1531 desertis
460 1490 518 1531 sua
537 1470 643 1531 omnia
656 1470 690 1529 in
704 1490 801 1529 unum
816 1469 966 1548 oppidum
980 1466 1103 1544 egregie
1117 1472 1234 1525 natura

230 1569 387 1628 munitum
401 1569 609 1629 contuleruut.
648 1568 737 1639 Quod
751 1586 822 1628 cum
836 1586 876 1627 ex
890 1565 1034 1625 omnibus
1049 1564 1083 1623 in
1096 1562 1233 1623 circuitu

182 1689 206 1735 15
230 1666 372 1744 partibus
394 1665 564 1725 altissimas
586 1684 680 1743 rupes
702 1664 930 1742 despectusque
950 1662 1089 1736 haberet,
1107 1679 1171 1720 una
1191 1679 1234 1719 ex

230 1769 319 1842 parte
333 1763 448 1822 leniter
463 1762 595 1822 adclivis
610 1763 715 1822 aditus
735 1762 768 1820 in
787 1760 990 1821 latitudinem
1011 1778 1074 1819 non
1094 1757 1232 1836 amplius

231 1862 434 1920 ducentorum
455 1860 569 1938 pedum
591 1860 844 1939 relinquebatur,
873 1877 966 1937 quem
987 1858 1090 1918 locum
1110 1855 1233 1933 duplici

231 1958 385 2018 altissimo
405 1976 495 2016 muro
516 1957 704 2032 munierant,
723 1963 791 2016 tum
812 1957 917 2033 magui
937 1954 1084 2034 ponderis
1103 1972 1181 2014 saxa
1199 1958 1232 2013 et

186 2083 187 2086 ¹
231 2061 412 2132 praeacutas
434 2056 539 2115 trabes
561 2055 594 2114 in
616 2075 705 2114 muro
730 2054 941 2114 conlocabant.
985 2051 1054 2130 Ipsi
1078 2056 1167 2111 erant
1192 2069 1234 2110 ex

180 2182 208 2211 20
231 2152 364 2214 Cimbris
387 2152 601 2230 Teutonisque
622 2151 777 2230 prognati,
798 2150 862 2229 qui,
880 2169 951 2209 cum
972 2149 1033 2209 iter
1053 2149 1088 2208 in
1108 2148 1235 2226 provin-

230 2250 310 2310 ciam
330 2255 470 2309 nostram
491 2254 586 2327 atque
607 2249 735 2308 Italiam
759 2249 909 2323 facerent,
923 2247 965 2307 iis
987 2245 1232 2325 impedimentis,

231 2366 310 2425 quae
332 2366 436 2406 secum
457 2365 548 2423 agere
570 2365 605 2406 ac
627 2352 751 2423 portare
766 2365 829 2404 non
843 2350 997 2423 poterant,
1013 2345 1093 2405 citra
1113 2343 1234 2402 flumen

231 2445 377 2503 Rhenum
390 2442 543 2521 depositis
561 2443 737 2503 custodiam
758 2461 797 2501 ex
818 2443 884 2502 suis
906 2461 941 2502 ac
962 2441 1153 2520 praesidium
1175 2460 1235 2500 sex

230 2541 319 2600 milia
332 2539 494 2599 hominum
513 2559 577 2599 una
595 2539 799 2617 reliquerunt.
844 2539 888 2598 Hi
902 2545 974 2616 post
989 2558 1096 2598 eorum
1109 2537 1234 2597 obitum

180 2663 206 2709 25
230 2638 345 2697 multos
373 2656 470 2697 annos
499 2656 518 2697 a
545 2636 690 2695 finitimis
718 2637 879 2712 exagitati,
908 2655 978 2696 cum
1006 2636 1085 2695 alias
1112 2635 1234 2693 bellum

230 2735 394 2810 inferrent,
423 2734 501 2794 alias
533 2732 669 2792 inlatum
698 2733 912 2810 defenderent,
941 2751 1095 2793 consensu
1122 2750 1235 2791 eorum

230 2833 369 2892 omnium
384 2851 459 2910 pace
474 2832 559 2892 facta
572 2831 655 2892 hunc
671 2831 732 2890 sibi
746 2831 905 2891 domicilio
919 2831 1023 2891 locum
1037 2830 1231 2905 delegerunt

271 2929 335 2996 30..
358 2930 405 2990 Ac
433 2929 533 3008 primo
562 2929 701 2989 adventu
729 2928 885 2989 exercitus
913 2927 1014 2988 nostri
1041 2928 1164 2987 crebras
1193 2946 1237 2986 ex

230 3028 344 3106 oppido
370 3027 569 3087 excursiones
593 3025 752 3087 faciebant
776 3026 979 3104 parvulisque
1004 3024 1132 3103 proeliis
1160 3042 1235 3083 cum

182 3147 208 3193 30
229 3125 345 3184 nostris
361 3124 606 3200 contendebant;
628 3129 738 3201 postea
751 3124 834 3182 vallo
849 3125 964 3201 pedum
979 3141 1032 3181 x11
1049 3121 1083 3180 in
1097 3120 1237 3181 circuitu

230 3240 275 3280 xv
293 3221 416 3279 milium
437 3221 614 3298 crebrisque
632 3219 771 3279 castellis
787 3219 1018 3280 circummuniti
1033 3218 1149 3297 oppido
1164 3237 1237 3278 sese

231 3317 441 3378 continebant.
484 3317 550 3378 Ubi
571 3315 672 3376 vineis
695 3317 774 3376 actis
795 3335 907 3393 aggere
932 3321 1094 3378 exstructo
1117 3315 1238 3380 turrim
