2692 3675
517 155 548 202 0.
571 154 651 202 IULI
673 152 851 202 CAESARIS

209 320 303 398 bant5
325 320 425 382 nostri
444 326 558 397 autem,
573 320 602 381 si
618 322 657 381 ab
676 320 743 381 illis
763 320 890 379 initium
909 319 1093 381 transeundi
1113 318 1211 394 fieret,

208 424 245 479 ut
264 418 432 497 impeditos
452 418 705 496 adgrederentur,
720 416 823 497 parati
838 416 980 477 inarmis
996 422 1095 477 erant.
1130 417 1214 477 Inte-

209 516 268 576 rim
283 516 401 595 proelio
416 516 556 595 equestri
570 516 653 576 inter
668 516 745 575 duas
760 514 841 575 acies
857 515 1113 575 contendebatur.
1146 515 1213 576 Ubi

209 614 314 673 neutri
338 612 523 673 transeundi
548 612 677 672 initium
701 611 833 687 faciunt,
861 611 1044 672 secundiore
1069 613 1213 692 equitnm

173 738 184 787 5
209 710 328 791 proelio
349 710 465 771 nostris
491 710 604 771 Caesar
625 728 699 770 suos
723 710 758 769 in
780 714 884 769 castra
909 712 1043 771 reduxit.
1093 713 1212 774 Hostes

209 807 352 887 protinus
378 826 417 867 ex
441 826 478 868 eo
502 806 570 868 loco
594 808 634 867 ad
658 806 776 865 flumen
801 807 945 868 Axonam
973 811 1212 886 contenderunt,

209 905 293 983 quod
321 923 388 964 esse
416 911 487 983 post
515 910 625 965 nostra
649 910 758 969 castra
780 905 1027 967 demonstratum
1056 913 1112 968 est.
1161 909 1214 969 Ibi

211 1002 298 1061 vadis
314 1001 446 1079 repertis
461 1006 582 1079 partem
601 1020 728 1061 suarum
749 1003 908 1081 copiarum
927 1005 1089 1065 traducere
1108 1006 1215 1066 conati

210 1103 284 1158 sunt
305 1117 341 1158 eo
365 1098 506 1173 consiii0,
529 1104 574 1174 ut,
600 1099 627 1158 si
651 1106 788 1178 possent,
812 1101 976 1163 castellum
998 1102 1049 1162 cui
1070 1108 1214 1181 praeerat

162 1225 188 1257 ιο
210 1198 243 1267 Q.
260 1196 401 1255 Titurius
421 1196 544 1273 legatus
565 1206 780 1277 expugnarent
802 1205 991 1278 pontemque
1012 1199 1215 1260 interscinde

211 1300 299 1369 rent;
321 1292 467 1353 siminus
483 1295 670 1372 potuissent,
688 1316 779 1374 agros
794 1298 964 1356 Remorum
978 1298 1221 1375 popularentur,

211 1391 265 1468 qni
280 1409 392 1468 magno
407 1391 496 1451 nobis
512 1392 583 1451 usui
599 1394 639 1453 ad
653 1395 772 1455 bellum
788 1395 957 1472 gerendum
971 1400 1069 1470 erant,
1084 1413 1215 1455 comme

211 1495 327 1565 atnque
342 1493 466 1547 nostros
483 1489 694 1566 prohiberent.

251 1587 305 1653 10.
332 1589 445 1651 Caesar
459 1590 574 1650 certior
588 1590 692 1651 factus
706 1590 747 1650 ab
761 1588 885 1649 Titurio
899 1607 1023 1649 omnem
1037 1588 1215 1667 equitatum

163 1692 243 1759 15et
271 1685 351 1745 levis
380 1691 555 1747 armaturae
580 1687 745 1762 Numidas,
771 1686 947 1746 funditores
972 1686 1214 1765 sagittariosque

211 1790 339 1865 pontem
360 1784 498 1847 traducit
519 1789 613 1863 atque
635 1786 676 1845 ad
696 1802 748 1844 eos
770 1782 960 1858 contendit.⁴
981 1783 1106 1844 Acriter
1123 1783 1158 1844 in
1178 1804 1215 1846 co

210 1889 278 1950 loco
307 1893 479 1967 pugnatum
510 1891 566 1946 cst.
620 1885 739 1944 Hostes
767 1882 935 1961 impeditos
966 1882 1068 1941 nostri
1098 1882 1132 1941 in
1159 1882 1216 1942 flu-

211 1988 294 2047 mine
313 1986 452 2064 adgressi
470 2002 617 2062 magnum
635 2000 741 2041 eornm
760 1998 923 2039 numerum
941 1979 1136 2039 occiderunt:
1158 1999 1216 2058 per

211 2109 318 2149 eorum
345 2106 473 2165 corpora
501 2082 638 2160 reliquos
667 2077 873 2138 audacissime
902 2076 1036 2136 transire
1066 2082 1215 2137 conantes

162 2217 190 2250 20
212 2188 415 2247 multitudine
430 2184 565 2246 telorum
581 2176 803 2255 reppulerunt;
823 2174 940 2252 primos
956 2174 1010 2251 qui
1025 2173 1216 2234 transierant

212 2285 356 2364 equitatu
376 2284 605 2344 circumventos
628 2272 864 2333 interfecerunt.
907 2271 1035 2345 Hostes,
1053 2271 1107 2330 ubi
1124 2277 1156 2330 et
1176 2272 1215 2331 dc

212 2382 418 2461 expugnando
443 2378 558 2456 oppido
585 2379 617 2434 ct
642 2372 681 2430 de
706 2369 835 2428 flumine
859 2369 1050 2427 transeundo
1071 2387 1159 2446 spem
1181 2387 1215 2426 se

212 2479 368 2540 fefellisse
392 2476 618 2535 intellexerunt
642 2487 744 2546 neque
770 2471 893 2525 nostros
918 2465 951 2524 in
975 2465 1077 2525 iocum
1102 2464 1217 2541 iniqui-

213 2601 298 2642 orem
317 2576 462 2658 progredi
481 2573 642 2654 pngnandi
663 2588 758 2632 cansa
775 2566 930 2637 viderunt,
948 2567 1042 2640 atque
1062 2562 1146 2640 ipsos
1154 2553 1215 2621 'res

163 2705 188 2755 ²5
213 2675 419 2737 frumentaria
438 2672 569 2733 deficere
586 2663 702 2748 coepit,
720 2665 852 2728 concilio
867 2665 1034 2722 convocato
1048 2657 1218 2720 constituc-

213 2779 287 2834 runt
312 2772 465 2850 optimum
490 2787 557 2830 esse
583 2769 709 2829 domum
736 2785 823 2825 suam
846 2777 1001 2840 quemque
1025 2756 1151 2830 reverti,
1173 2760 1215 2830 et,

214 2890 345 2950 quornm
367 2869 400 2927 in
419 2867 498 2928 fines
519 2866 654 2946 primum
676 2862 812 2924 Romani
834 2857 1006 2920 exercitum
1028 2851 1218 2913 introduxis-

214 2973 293 3042 sent,
309 2967 349 3027 ad
363 2984 415 3026 eos
435 2964 647 3025 defendendos
667 2961 806 3039 undique
827 2957 1039 3028 convenirent,
1054 2957 1091 3010 nt
1110 2949 1217 3028 potins

214 3065 248 3124 in
263 3064 327 3124 suis
343 3082 437 3141 quam
454 3062 487 3121 in
502 3061 613 3122 alicnis
631 3059 747 3118 finibus
768 3058 965 3117 decertarent
984 3058 1016 3112 et
1036 3046 1217 3109 domesticis

166 3191 193 3236 30
215 3161 313 3237 copiis
335 3159 380 3218 rei
402 3157 626 3218 frumentariae
646 3159 818 3215 uterentur.
863 3152 916 3211 Ad
937 3170 1004 3210 eam
1027 3144 1217 3208 sententiam

216 3276 285 3316 cnm
300 3255 430 3332 reliquis
451 3253 552 3314 causis
570 3253 646 3312 haec
664 3269 786 3328 quoqne
806 3248 887 3308 ratio
906 3266 958 3306 eos
978 3246 1117 3320 deduxit,
1133 3245 1219 3322 qnod

216 3351 410 3430 Divitiacum
434 3356 528 3432 atque
552 3349 677 3410 Aeduos
702 3345 817 3407 finibus
844 3343 1082 3406 Bellovacorum
1110 3342 1221 3423 adpro
