2692 3675
386 554 424 618 c.
452 554 551 619 rum
584 553 812 619 ornemus

283 724 363 803 DE
409 722 603 805 BELLO
653 722 920 806 GALLICO

424 970 543 1018 LIBER
568 968 783 1019 SECUNDUS.

430 1125 494 1172 Bc.
512 1125 567 1177 57:
589 1126 693 1172 A.U.0.
711 1126 780 1173 697.

281 1318 355 1367 THE
377 1317 539 1367 BELGIAN
561 1317 709 1377 LEAGUE
732 1317 938 1370 DEFEATED.

149 1492 178 1559 l.
208 1493 287 1555 Cum
301 1497 386 1553 esset
399 1492 514 1553 Caesar
528 1491 561 1550 in
576 1491 721 1552 citeriore
735 1491 841 1553 Gallia
855 1491 887 1550 in
902 1491 1051 1568 hibernis,
1063 1493 1111 1553 ita

107 1592 156 1650 uti
171 1608 267 1669 supra
281 1588 572 1664 demonstravimus,
585 1588 687 1648 crebri
700 1589 740 1649 ad
754 1608 826 1648 eum
841 1608 980 1649 rumores
992 1589 1111 1649 adiere-

108 1689 231 1763 bantur,
246 1686 426 1764 litterisque
441 1684 518 1745 item
532 1685 663 1746 Labieni
677 1686 792 1746 certior
805 1686 901 1745 fiebat
918 1705 1026 1747 omnes
1041 1687 1110 1746 Bel-

109 1804 171 1863 gas,
188 1803 281 1864 quam
296 1783 424 1844 tertiam
439 1801 507 1843 esse
523 1783 645 1845 Galliae
663 1789 784 1862 partem
798 1783 986 1860 dixeramus,
1001 1789 1110 1845 contra

108 1882 258 1961 populum
279 1882 457 1942 Romanum
475 1881 637 1941 coniurare
658 1882 845 1960 obsidesque
865 1881 949 1941 inter
970 1901 1003 1942 se
1025 1882 1107 1942 dare.
1133 1909 1145 1957 ⁵

107 1978 299 2042 Coniurandi
313 1979 370 2038 has
385 1997 454 2038 esse
471 1997 595 2038 causae:
617 1979 754 2057 primum
772 1979 856 2057 quod
870 1986 1052 2038 vererentur
1070 1998 1109 2039 ne

107 2077 192 2136 omni
211 2081 323 2156 pacata
339 2076 445 2137 Gallia
461 2076 501 2135 ad
520 2094 572 2136 eos
592 2075 748 2135 exereitus
763 2081 871 2135 noster
885 2077 1108 2153 adduceretur3

106 2174 219 2234 deinde
235 2175 319 2252 quod
333 2174 372 2232 ab
386 2171 547 2231 nonnullis
564 2172 664 2233 Gallis
680 2172 1109 2251 sollicitarentur,-partim

106 2271 171 2349 qui,
196 2275 233 2330 ut
259 2271 431 2331 Germanos
456 2268 576 2338 diutius
601 2268 635 2328 in
660 2269 766 2330 Gallia
788 2269 908 2329 versari
932 2270 1107 2348 noluerant,

105 2369 153 2426 ita
177 2365 286 2445 populi
310 2364 446 2424 Romani
470 2365 642 2425 exercitum
669 2365 808 2426 hiemare
833 2373 928 2444 atque
955 2367 1108 2428 invetera·
1131 2396 1158 2430 10

106 2482 192 2524 scere
213 2463 247 2522 in
270 2461 375 2523 Gallia
395 2461 528 2522 moleste
549 2462 711 2540 ferebant3
732 2464 849 2542 partim
863 2464 918 2542 qui
933 2465 1108 2526 mobilitate

104 2565 137 2620 et
155 2559 286 2620 levitate
301 2558 399 2618 animi
414 2558 505 2618 novis
523 2558 663 2649 imperiis
681 2561 868 2638 studebant;
891 2562 930 2622 ab
947 2562 1108 2622 nonnullis

103 2658 210 2735 etiam,
233 2657 318 2736 quod
338 2655 372 2714 in
394 2656 500 2718 Gallia
520 2675 539 2716 a
559 2657 789 2734 potentioribus
811 2664 905 2736 atque
928 2658 967 2718 iis
991 2658 1046 2737 qui
1068 2660 1109 2720 ad

103 2755 321 2816 conducendos
346 2753 489 2814 homines
514 2753 684 2814 facultates
705 2754 871 2830 habebant,
893 2755 988 2832 vulgo
1012 2774 1109 2833 regna

102 2853 344 2930 occupabantur,
360 2851 415 2929 qui
432 2850 536 2910 minus
554 2850 649 2911 facile
669 2870 738 2912 eam
757 2870 822 2911 rem
843 2851 976 2930 imperio
997 2859 1106 2913 nostro
1134 2884 1160 2930 15

102 2949 254 3028 consequi
268 2954 423 3027 poterant.

146 3046 180 3113 2.
208 3046 270 3106 His
288 3046 411 3106 nuntiis
428 3046 609 3125 litterisque
623 3053 796 3108 commotus
811 3048 926 3109 Caesar
941 3049 1017 3108 duas
1034 3048 1109 3129 legi·

55 3189 56 3192 ¹
101 3163 178 3203 ones
193 3143 227 3201 in
241 3143 386 3203 citeriore
402 3143 508 3204 Gallia
521 3163 619 3204 novas
634 3145 830 3222 conscripsit,
846 3151 878 3205 et
893 3145 974 3206 inita
987 3152 1108 3207 aestate

101 3241 136 3298 in
152 3239 333 3299 interiorem
354 3239 490 3301 Galliam
509 3239 563 3316 qui
582 3241 749 3300 deduceret
766 3242 800 3311 Q.
816 3241 950 3302 Pedium
968 3243 1107 3320 legatum

100 3337 200 3397 misit.
247 3336 329 3414 Ipse,
351 3356 422 3399 cum
444 3335 580 3418 primum
604 3337 713 3414 pabuli
735 3337 825 3415 copia
849 3357 917 3399 esse
942 3340 1103 3418 inciperet,
1130 3369 1158 3400 ιο

970 3461 999 3506 aa
