2692 3675
160 162 181 233 8
478 164 637 253 omsnn’s
660 180 794 231 omnio
817 181 906 231 uns

209 351 379 431 praemisit.
383 352 456 425 [T.
476 351 648 411 Labionum
664 351 804 426 logotum
823 370 894 411 eum
910 352 1087 429 legionibus
1108 354 1210 417 tribus

209 448 358 526 subsequi
385 447 485 508 iussit.
532 448 578 506 Hi
602 447 790 507 novissimos
815 448 917 508 adorti
941 454 973 508 et
998 450 1099 509 multa
1123 447 1228 511 milia'

208 564 357 623 passuum
377 546 533 623 prosecuti
553 554 697 623 mognam
716 545 950 605 multitudinem
966 553 1074 607 eorum
1090 547 1210 624 fugien-

160 670 187 704 ιο
208 643 289 701 tium
303 644 512 703 conciderunt.
527 612 585 701 fii
602 643 641 702 ad
662 662 740 720 quos
759 649 888 701 ventum
908 647 975 702 erat
996 644 1209 705 eonsistobant

208 738 396 817 fortiterque
414 740 567 818 impetum
580 745 759 799 nostrorum
774 739 989 815 sustinebant5
1010 741 1065 799 sed
1080 741 1208 819 priores,

207 838 291 914 quod
308 837 415 897 abesse
433 857 452 898 a
468 838 605 915 periculo
619 836 814 912 videbantur,
831 837 975 897 exaudito
993 838 1128 899 olomore
1143 858 1210 918 per·

206 935 342 995 turbetis
363 934 525 995 ordinibus
544 952 651 995 omnes
671 934 705 993 in
727 935 804 1011 fuga
823 934 884 993 sibi
904 935 1096 1012 praesidium
1118 944 1210 1015 pono·

207 1034 373 1123 bantslta
386 1034 453 1094 sine
469 1035 533 1093 ullo
547 1034 683 1111 periculo
698 1041 844 1111 mognam
854 1042 960 1093 eornm
973 1034 1207 1094 multitudinem

158 1151 184 1199 15
207 1134 307 1193 nostri
315 1133 542 1194 interfecerunt
550 1133 607 1193 sub
616 1139 822 1209 oecosumque
831 1132 906 1191 solis
916 1132 1104 1192 destiterunt
1113 1139 1210 1211 soque

206 1231 239 1291 in
252 1237 364 1307 eastra,
380 1236 497 1292 uteret
512 1230 709 1308 imperitum,
725 1234 915 1307 recopernnt.

254 1350 416 1407 constituo,
429 1352 526 1407 statuo,
541 1346 579 1395 10.
724 1347 903 1403 subsequor:
912 1346 1067 1407 prosequor,
1074 1346 1208 1409 insequor.

254 1434 413 1497 amonitus:
432 1432 539 1488 elomor,
546 1430 680 1491 fremitus.
722 1430 852 1488 adorior,
867 1428 1015 1489 adoremur,
1030 1427 1069 1478 10.

254 1517 426 1574 consimilis,
435 1515 589 1576 persimilis.
723 1515 858 1572 conoide,
873 1513 970 1573 occido,
985 1511 1024 1562 10.

253 1612 366 1657 vereor,
378 1600 466 1657 timeo,
481 1598 503 1646 1.
721 1598 862 1654 consisto,
874 1602 923 1655 sio,
937 1595 961 1645 6.

253 1694 364 1741 moror,
376 1686 493 1741 condor,
506 1678 530 1729 7.
721 1681 862 1738 sustineo,
876 1685 1002 1739 sustento,
1015 1677 1038 1727 6.

204 1846 236 1907 A
249 1850 357 1924 forced
377 1849 481 1907 moret
504 1851 568 1908 ond
590 1850 749 1908 attactos
770 1780 995 1927 Μῶφι.
1044 1852 1104 1911 Tire
1128 1860 1205 1912 town

314 1991 354 2052 f
460 1950 756 2062 umulffl‘gre'lde
774 1957 911 2088 som-«4
928 1949 1077 2036 imm

244 2058 297 2125 12.
328 2059 484 2120 Postridie
509 2060 575 2120 eius
604 2061 666 2121 dioi
692 2062 805 2123 Caesar
830 2061 864 2119 in
892 2062 973 2122 lines
1002 2063 1204 2125 Suessionum

202 2157 375 2217 exereitum
395 2159 485 2218 duxit
506 2163 538 2218 et
560 2166 672 2236 mogno
694 2159 807 2219 itinere
828 2159 972 2219 eonfeoto
993 2161 1033 2219 ad
1054 2143 1205 2240 oppidum

203 2253 425 2314 Noviodonum
436 2256 611 2337 contendit
647 2257 688 2316 ld
698 2276 737 2316 ex
748 2256 860 2316 itinere
871 2264 1051 2334 oppignore
1062 2264 1202 2333 conotus,

203 2350 286 2428 quod
307 2371 439 2411 vaenum
460 2352 500 2412 ab
521 2353 737 2413 defensoribus
762 2373 831 2413 esse
852 2350 1205 2433 audiobat,expog1'iore

166 2464 179 2510 5
202 2453 266 2506 non
286 2449 398 2525 potnit.
443 2449 575 2509 interim
597 2451 698 2509 omnis
719 2469 758 2509 ex
779 2451 856 2527 fuga
877 2451 1079 2511 Suessionum
1100 2452 1206 2512 multi-

201 2545 277 2604 tudo
289 2545 322 2603 in
333 2545 482 2624 oppidum
496 2547 637 2623 proxime
651 2553 742 2605 noete
753 2547 907 2607 convenit.
942 2546 1093 2608 Celeriter
1104 2549 1203 2608 vineis

202 2643 241 2701 ad
262 2642 412 2720 oppidum
434 2644 522 2716 ontis,
545 2661 656 2720 aggere
679 2642 761 2707 iacto
783 2644 985 2721 turribusque
1010 2645 1201 2722 constitistis,

202 2740 416 2816 mognitodine
439 2759 567 2818 operum
590 2746 622 2798 et
645 2736 806 2799 eeleritate
832 2741 1045 2801 Romanorum
1065 2743 1204 2819 permoti

201 2843 275 2897 sunt
299 2837 490 2897 Suessiones.
533 2837 647 2914 Itaque
671 2837 792 2912 logotos
813 2837 853 2896 ad
874 2838 1037 2897 Caesarem
1062 2840 1100 2898 de
1122 2839 1204 2899 dodi-

153 2956 179 2988 10
200 2933 286 2994 tione
304 2933 437 2995 mittunt
453 2939 485 2994 et
503 2933 683 3013 petentibus
703 2934 812 2994 Remis
826 2939 862 2994 ut
877 2942 1136 2996 conservorentur
1149 2936 1203 2995 im-

199 3037 335 3109 petrent.
866 3043 869 3049 '

249 3142 384 3198 confinio,
393 3141 511 3204 perficio.
732 3152 742 3162 ·
770 3155 843 3203 ago:
857 3142 939 3202 pello,
953 3141 1028 3201 doce,
1043 3143 1129 3193 trote.

249 3225 407 3283 contendo,
420 3237 540 3286 propero.
769 3237 938 3283 permoveo,
952 3237 1106 3275 commoveo.

247 3320 376 3355 vacuus:
396 3320 497 3378 soreos,
512 3307 606 3357 nitidus.
766 3307 891 3364 deditio,
906 3307 1021 3356 trdditio.

248 3389 380 3450 intemm,
394 3390 502 3440 interea.
767 3390 906 3446 impetro,
919 3389 1070 3451 comessor.
