2692 3675
580 153 691 200 amna
713 152 752 200 11.
1155 132 1196 198 33

145 320 261 400 Belgae
289 322 330 383 ad
356 320 492 381 Nervios
519 318 707 380 detulerant.
756 320 840 378 Nam
868 333 952 396 quoq
975 319 1015 378 ad
1039 318 1146 378 hostes

145 418 425 498 adpropinquabat,
451 416 677 477 consuetudine
706 434 764 476 sua
791 416 905 477 Caesar
929 434 984 474 sex
1009 414 1146 491 legiones

145 516 308 595 expeditas
320 514 469 590 ducebat3
490 520 563 592 post
577 532 628 575 eas
643 512 743 573 totius
755 512 911 573 exercitus
922 512 1147 590 impedimenta

145 612 320 673 conlocaret
329 634 337 689 ;
358 611 430 671 inde
445 611 524 671 duae
537 610 676 687 legiones
695 629 775 689 quae
792 599 934 689 proxime
951 608 1146 686 conscriptae

145 715 234 771 erant
248 713 350 769 totum
365 726 477 785 agmen
487 708 673 769 claudebant
684 707 901 785 praesidioque
913 705 1146 784 impedimentis
1171 737 1181 785 5

145 812 241 867 erant.
290 806 422 884 Equites
448 807 558 883 nostri,
578 827 649 868 cum
673 806 888 866 funditoribus
911 803 1146 881 sagittariisque

144 903 261 963 flumen
277 905 474 982 transgressi,
491 925 561 965 cum
582 905 722 965 hostium
741 904 886 983 equitatu
899 902 1053 981 proelium
1067 920 1147 961 com-

144 1001 305 1063 miserunt.
349 1003 428 1065 Cum
449 1022 482 1063 se
503 1002 553 1062 illi
574 1002 747 1062 identidem
766 1002 800 1060 in
819 1002 915 1061 silvas
930 1001 970 1060 ad
984 1018 1057 1059 suos
1072 999 1135 1059 reci

144 1107 254 1179 perant
275 1120 310 1162 ac
331 1121 440 1162 rursus
461 1121 501 1162 ex
522 1102 604 1161 silva
624 1100 658 1160 in
679 1107 804 1161 nostros
823 1100 976 1179 impetum
995 1100 1143 1174 facerent,

145 1220 246 1279 neque
259 1201 359 1261 nostri
373 1200 499 1279 longius
521 1219 614 1279 quam
636 1219 729 1278 quem
751 1201 791 1259 ad
812 1199 905 1259 finem
919 1199 1146 1278 porrectaloca
1169 1220 1195 1253 ιο

144 1304 254 1377 aperta
280 1299 480 1377 pertinebant
507 1299 653 1358 cedentes
682 1297 806 1375 insequi
831 1298 991 1371 auderent,
1017 1296 1144 1356 interim

143 1396 281 1473 legiones
297 1415 361 1471 sex,
377 1414 457 1474 quae
471 1395 590 1474 primae
604 1400 765 1470 venerant,
781 1413 873 1473 opere
888 1395 1029 1454 dimenso
1043 1399 1146 1454 castra

144 1493 265 1553 munire
280 1497 456 1570 coeperunt.
500 1492 565 1553 Ubi
586 1492 689 1570 prima
707 1492 933 1570 impedimenta
946 1491 1047 1551 nostri
1061 1510 1146 1551 exer-

143 1590 225 1651 citus
247 1590 286 1650 ab
307 1589 346 1649 iis
368 1589 423 1667 qui
444 1588 478 1649 in
499 1589 589 1649 silvis
611 1589 712 1649 abditi
725 1590 867 1650 latebant
880 1589 950 1650 visa
964 1594 1045 1666 sunt,
1062 1590 1145 1668 quod

143 1692 268 1765 tempus
286 1686 436 1747 intereos
451 1686 669 1747 committendi
684 1686 784 1765 proeli
798 1692 995 1762 convenerat,
1009 1692 1046 1746 ut
1061 1687 1145 1746 intra
1168 1708 1192 1758 ις

143 1783 240 1844 silvas
268 1783 367 1844 aciem
394 1784 581 1863 ordinesque
609 1783 840 1845 constituerant
867 1790 963 1863 atque
990 1783 1052 1863 ipsi
1077 1803 1144 1845 sese
1192 1773 1195 1778 ’

143 1869 410 1958 confirmaverant,
427 1882 532 1942 subito
546 1881 692 1943 omnibus
711 1881 810 1960 copiis
827 1883 1071 1960 provolaverunt
1091 1883 1146 1941 im-

143 1984 313 2058 petumque
332 1978 367 2038 in
386 1985 510 2040 nostros
525 1979 648 2058 equites
664 1979 815 2039 fecerunt.
858 1979 925 2040 His'
936 1980 1029 2039 facile
1044 1980 1144 2058 pulsis

143 2094 178 2136 ac
199 2076 400 2154 proturbatis,
422 2076 599 2138 incredibili
620 2076 782 2136 celeritate
803 2077 844 2136 ad
864 2075 981 2136 flumen
1002 2078 1146 2136 decucur-

143 2179 260 2248 rerunt,
276 2179 312 2233 ut
325 2193 424 2252 paene
438 2193 501 2234 uno
515 2179 656 2252 tempore
678 2179 711 2234 et
731 2175 772 2234 ad
793 2173 890 2234 silvas
912 2179 945 2234 et
964 2173 1144 2233 influmine
1167 2199 1195 2231 ιο

143 2276 176 2331 et
203 2269 324 2329 iamin
348 2271 491 2330 manibus
519 2271 636 2331 nostris
661 2272 768 2333 hostes
793 2272 984 2331 viderentur.
1026 2271 1145 2330 Eadem

143 2372 249 2428 autem
264 2367 424 2428 celeritate
439 2369 570 2428 adverso
584 2368 664 2428 colle
685 2371 726 2429 ad
744 2376 853 2430 nostra
866 2374 971 2430 castra
983 2374 1078 2447 atque
1093 2387 1145 2430 eos

143 2463 199 2543 qui
213 2462 247 2522 in
261 2483 352 2542 opere
366 2464 509 2542 occupati
523 2470 614 2525 erant
629 2467 866 2527 contenderunt.
1045 2531 1050 2537 ,

185 2561 242 2627 20.
272 2561 397 2624 Caesari
418 2562 523 2622 omnia
543 2581 606 2622 uno
627 2568 766 2642 tempore
786 2570 876 2625 erant
891 2565 1027 2641 agenda:
1049 2563 1146 2624 vexil-

141 2661 207 2719 lum
229 2660 474 2738 proponendum,
491 2661 574 2737 quod
596 2666 663 2720 erat
684 2660 807 2738 insigne
829 2680 899 2721 curn
919 2662 959 2721 ad
977 2681 1064 2721 arma
1077 2680 1146 2720 con·
1168 2679 1194 2728 ²5

141 2758 226 2818 curri
240 2762 407 2836 oporteret,
424 2757 549 2834 signum
564 2758 641 2818 tuba
655 2759 800 2832 dandum,
815 2758 855 2818 ab
872 2777 964 2836 opere
979 2758 1146 2818 revocandi

142 2854 270 2929 milites,
286 2853 341 2932 qui
361 2855 455 2933 paulo
476 2853 600 2931 longius
622 2855 744 2931 aggeris
765 2855 894 2932 petendi
915 2873 1009 2914 causa
1027 2873 1146 2931 proces-

142 2956 249 3010 serant
273 2951 459 3025 arcessendi,
483 2951 564 3011 acies
590 2951 783 3026 instruenda,
806 2951 925 3010 milites
950 2951 1144 3027 cohortandi,

142 3047 268 3124 signum
289 3048 435 3107 dandum.
479 3047 616 3118 Quarum
637 3067 742 3107 rerum
763 3067 908 3124 magnam
929 3053 1052 3126 partem
1070 3052 1147 3107 tem·

142 3144 228 3222 poris
257 3131 394 3204 brevitas
423 3151 455 3204 et
484 3164 644 3204 successus
672 3145 812 3205 hostium
841 3145 1040 3222 impediebat.
1083 3145 1145 3205 His
1168 3163 1196 3210 30

142 3240 382 3302 difficultatibus
405 3243 483 3302 duae
508 3261 557 3301 res
582 3247 672 3301 erant
697 3242 1029 3302 subsidio—scientia
1051 3248 1145 3321 atquc

141 3357 218 3400 usus
240 3338 389 3414 militum,
405 3339 489 3416 quod
507 3338 720 3416 superioribus
735 3339 865 3419 proeliis
879 3340 1053 3417 exercitati,
1069 3340 1146 3419 quid
