2692 3675
615 170 775 225 roonn.
870 220 877 225 ,
1005 114 1009 119 ’
1175 152 1216 221 17

164 338 259 412 lactc,
275 356 346 398 cum
363 336 444 397 alius
466 336 521 397 alii
543 336 720 396 subsidium
735 336 842 413 ferret,
858 336 1007 399 audecius
1022 336 1168 398 resistere

167 443 206 498 eo
217 435 331 493 fortius
347 442 484 512 pignere
499 437 677 512 coeperunt.
721 434 856 493 Interim
874 435 990 495 milites
1007 434 1167 511 legienum
1189 449 1205 500 5

167 534 307 606 duerum,
323 550 402 609 quae
422 531 455 589 in
472 530 644 591 novissimo
660 530 784 607 egmin'e
799 530 956 608 praesidio
970 530 1169 611 impedimen·

166 630 209 689 tis
221 628 356 703 fuerant,
369 628 487 706 proelio
499 627 644 687 nuntieto
657 646 750 687 cursu
765 627 897 687 inciteto
908 628 942 686 in
953 646 1074 687 summo
1089 628 1168 688 colle

167 726 206 786 ab
223 725 366 785 hostibus
382 711 724 881 censpiciebantuiqlet
743 725 777 782 Τ.
797 724 954 784 Labienus
970 725 1082 786 castris
1101 726 1170 786 hos-

166 823 248 883 tium
270 828 389 900 potitus
412 822 563 881 decimam
586 822 649 898 legi
671 840 743 881 nem
768 822 908 882 subsidio
931 823 1049 883 nostris
1073 824 1166 910 misit.

167 921 226 991 Qui
241 940 312 980 cum
331 939 392 998 quo
408 920 441 978 in
455 919 524 979 loco
537 938 587 979 res
605 925 697 995 esset,
714 927 892 999 quanteque
907 920 940 979 in
954 921 1092 998 periculo
1105 904 1168 981 cas-
1191 946 1219 982 ro

168 1023 217 1077 tra
244 1023 276 1077 et
303 1007 442 1095 legienes
471 1023 503 1077 et
531 1017 703 1097 imperetur
727 1024 914 1095 verseretur,
938 1018 1167 1095 cegnevissent,

168 1116 249 1174 nihil
264 1116 303 1175 ad
317 1114 510 1175 celeritetem
526 1116 586 1175 sibi
602 1116 715 1193 reliqui
730 1116 874 1175 fecerunt

208 1233 304 1291 iexta,
313 1244 405 1292 prope.
451 1232 609 1290 pouletlm,
623 1232 764 1293 pradeiim.
817 1234 926 1291 potior,
938 1246 1044 1294 occupo,
1058 1230 1082 1283 7.

209 1315 348 1373 censisto,
363 1313 386 1363 6.
450 1316 582 1374 interim,
597 1316 707 1375 interea,
723 1314 761 1363 12.
818 1329 929 1373 versor,
943 1329 1011 1373 scor,
1027 1315 1048 1362 l.

210 1410 311 1458 urgeo,
325 1396 366 1445 25.
451 1398 611 1456 conspicio,
625 1398 708 1447 uideo.
819 1401 975 1458 cegneroo,
989 1399 1099 1459 reperio,
1111 1395 1136 1447 4.

126 1510 232 1671 f
257 1547 296 1606 Ia
315 1547 361 1605 ibe
374 1548 466 1623 ficrce
484 1547 597 1605 wrestle
616 1546 662 1605 ibe
683 1547 772 1604 broce
792 1546 903 1605 Neruii
919 1564 956 1622 qo
975 1547 1079 1604 under.

124 1682 132 1691 ··
210 1660 264 1725 27.
288 1660 409 1720 Herum
425 1660 563 1719 adventu
577 1664 667 1718 tanta
681 1665 785 1718 rerum
800 1658 1002 1719 commetetio
1012 1664 1068 1719 est
1084 1658 1170 1719 iacta

168 1763 205 1842 ut
227 1757 336 1831 nostri,
359 1757 454 1816 etiam
477 1757 532 1834 qui
545 1750 736 1817 'vulneribus
759 1755 896 1819 cenfecti
919 1755 1168 1833 preoubuissent,

116 1917 121 1936 ι
171 1855 322 1933 proelium
343 1855 611 1932 redintegrerent3
634 1854 757 1932 equites
780 1860 861 1928 vero,
882 1859 919 1912 ut
939 1853 1169 1931 turpitudinem

169 1953 262 2030 fugae
277 1953 394 2012 virtfite
408 1952 555 2027 delerent,
572 1952 717 2011 omnibus
733 1951 766 2009 in
781 1951 859 2011 locis
880 1958 1001 2028 pugnae
1021 1970 1054 2010 se
1073 1950 1169 2027 legie-

170 2050 266 2110 neriis
281 2049 433 2109 militibus
448 2050 643 2127 praeferrent
720 2054 735 2108 t
749 2048 857 2108 hostes
872 2048 968 2107 etiam
983 2047 1017 2106 in
1031 2053 1170 2107 extrema
1191 2060 1206 2109 5

170 2168 224 2227 spe
246 2148 356 2208 salutis
379 2145 548 2207 meximam
570 2147 720 2206 virtutem
742 2145 985 2224 praestiterunt;
1006 2164 1078 2204 nam
1100 2164 1169 2205 cum

170 2246 263 2324 primi
286 2254 392 2308 eerum
420 2244 614 2319 cecidissent,
640 2243 776 2322 proximi
805 2243 979 2304 iacentibus
1005 2243 1170 2303 comitibus

169 2344 357 2404 iusistebant
379 2350 473 2421 atque
498 2362 538 2406 ex
562 2349 669 2429 oerum
695 2342 876 2420 corporibus
899 2342 1096 2420 pugnebant3
1121 2340 1170 2399 his
1234 2343 1242 2360 ·

170 2443 299 2504 deiectis
321 2448 352 2502 et
372 2441 564 2502 coacervetis
576 2441 799 2516 cadeveribuS,
819 2440 916 2500 ceteri
937 2446 973 2499 ut
992 2459 1030 2499 ex
1050 2438 1171 2498 tumulo

170 2541 234 2601 tela
247 2540 281 2600 in
295 2547 419 2600 nostros
434 2540 629 2600 coniciebant
644 2546 677 2598 ct
690 2539 755 2617 pila
769 2539 943 2616 intercepta
954 2537 1186 2619 remittebant),
1195 2553 1220 2589 m

169 2645 206 2698 ut
220 2638 351 2699 iudiceri
367 2639 493 2698 deberet
508 2645 571 2698 nen
589 2643 778 2716 nequiquam
796 2640 904 2695 tantae
925 2634 1054 2693 virtutis
1076 2631 1173 2691 homi-

170 2755 225 2796 nes
240 2755 332 2796 ausos
345 2755 411 2795 esse
420 2715 557 2795 'trensire
568 2735 760 2796 letissimum
771 2732 895 2807 flemen,
907 2732 1074 2792 ascendere
1089 2729 1173 2788 altis·

171 2832 265 2894 simas
285 2839 376 2912 rIpaS,
396 2834 498 2893 subire
520 2832 753 2910 iniquissimum
772 2830 892 2906 locum3
915 2847 994 2907 quae
1008 2826 1115 2887 facilia
1133 2844 1173 2885 ex

171 2930 364 3020 difficillimis
380 2930 477 2990 animi
493 2930 674 3006 megnitrido
691 2904 895 3022 redegerats'

210 3055 384 3110 procumbo,
393 3051 529 3112 precida-
650 3103 655 3124 ι
734 3033 839 3106 ³1aceo,
848 3047 1001 3109 preoumbo.

192 3151 195 3182 τ
211 3136 370 3191 turpitudo
379 3152 394 3182 :x
404 3133 564 3196 ipneminic,
577 3131 702 3194 eufemia.
745 3145 906 3193 coacervo:
926 3143 1046 3193 coepero,
1059 3129 1132 3192 cepo.

212 3217 307 3275 deleo,
321 3217 468 3278 exstinctio.
748 3216 886 3272 coderet,
901 3226 1000 3274 corpus.

212 3302 375 3358 extremus,
390 3299 506 3348 ultimus.
746 3295 941 3354 nequiquam,
949 3294 1065 3357 fristra.

211 3385 346 3440 praesto:
360 3381 485 3442 praebeo,
500 3383 609 3429 ostento.
746 3379 860 3439 redigo,
868 3373 953 3439 socio.
