2692 3675
520 150 551 197 0.
572 149 652 196 IULI
673 147 854 196 CAESARIS

208 318 329 382 Castris
351 317 483 378 munitis
502 316 611 376 vineas
632 334 724 393 agere
745 334 887 393 quaeque
908 317 949 376 ad
969 318 1211 395 oppugnandum

208 410 280 477 usui
304 420 394 477 erant
419 432 597 492 comparare
623 413 735 491 coepit.
789 413 920 473 [nterim
945 414 1046 474 omnis
1072 433 1110 474 ex
1134 415 1212 492 iuga

210 514 414 575 Suessionum
438 510 610 585 multitudo
634 510 667 569 in
688 510 839 589 oppidum
860 511 1003 588 proxima
1024 517 1115 573 noete
1139 531 1211 572 con·

209 611 309 672 venit.
355 609 507 672 Celeriter
527 607 628 668 vineis
651 609 692 668 ad
714 607 865 687 oppidum
885 608 974 684 actis,
996 628 1108 686 aggere
1130 609 1213 670 iacto

174 738 186 787 ς
209 709 411 786 turribusque
426 706 617 781 constitutis,
633 706 849 782 magnitudine
863 724 1002 784 operum,
1017 726 1097 785 quae
1112 726 1213 785 neque

209 807 355 866 viderant
369 810 442 865 ente
461 804 545 866 Galli
562 822 664 882 neque
682 803 855 878 audierant,
871 810 904 887 et
923 803 1083 864 celeritate
1102 805 1210 864 Roma·

210 923 321 963 norum
335 903 477 982 permoti,
489 903 609 979 legatos
624 902 664 961 ad
675 902 838 963 Caesarem
854 901 892 961 de
906 900 1065 962 deditione
1080 900 1214 961 mittunt

210 1007 243 1062 et
257 1002 437 1080 petentibus
452 1000 561 1059 Remis
575 1005 612 1059 ut
626 1000 887 1059 conservarentur
900 998 1083 1077 impetrant.
1178 1030 1182 1037 ·

251 1098 305 1164 13.
335 1100 449 1161 Caesar
469 1097 632 1158 obsidibus
656 1097 794 1175 acceptis
819 1096 929 1175 primis
954 1096 1093 1157 civitatis
1118 1102 1215 1175 atque

163 1223 189 1257 10
211 1197 311 1276 ipsius
338 1197 455 1258 Galbae
477 1196 559 1273 regis
581 1196 702 1256 duobus
724 1194 808 1269 filiis,
828 1194 985 1272 armisque
1006 1194 1149 1254 omnibus
1175 1214 1216 1253 ex

210 1295 325 1374 oppido
341 1294 478 1370 traditis,
493 1294 528 1353 in
544 1293 737 1354 deditionem
758 1292 939 1352 Suessiones
958 1292 1079 1370 accepit
1097 1293 1217 1352 exerci-

211 1399 341 1471 tumque
360 1392 394 1452 in
410 1392 594 1452 Bellovacos
612 1391 707 1449 ducit.
750 1390 811 1460 Qui
830 1409 901 1450 cum
920 1408 953 1450 se
969 1406 1090 1467 'suaque
1110 1391 1218 1449 omnia

211 1491 246 1549 in
269 1492 420 1570 oppidum
449 1491 710 1569 Bratuspantium
738 1489 955 1564 contulissent,
984 1493 1079 1567 atque
1110 1488 1148 1547 ab
1178 1507 1217 1547 eo

211 1588 327 1665 oppido
342 1590 456 1651 Caesar
471 1608 540 1648 cum
556 1589 697 1649 exercitu
714 1588 840 1649 circiter
851 1574 941 1648 milia
959 1606 1108 1666 passuum
1127 1587 1218 1664 quin-

164 1712 173 1743 ι
177 1710 188 1760 5
211 1704 272 1763 que
286 1686 418 1760 abesset,
430 1705 537 1746 omnes
552 1687 686 1747 maiores
700 1692 778 1745 natu
793 1706 831 1746 ex
845 1686 961 1764 oppido
972 1685 1089 1762 egressi
1104 1703 1216 1744 manus

79 1778 81 1783 ’
212 1782 252 1842 ad
274 1782 438 1846 Caesarem
459 1784 587 1845 tendere
609 1790 641 1845 et
660 1802 736 1845 voce
759 1783 934 1894 significare
956 1788 1125 1862 coeperunt
1146 1801 1218 1843 sese

214 1880 247 1939 in
263 1881 330 1941 eins
345 1881 438 1941 fidem
453 1900 488 1942 ac
502 1887 693 1960 potestatem
704 1881 811 1942 venire
825 1900 926 1960 neque
941 1887 1050 1942 contra
1063 1881 1217 1959 populum

213 1978 389 2039 Romanum
400 1979 494 2040 armis
506 1981 700 2040 contendere
723 1980 815 2076 Item,
825 1998 894 2038 cum
906 1980 946 2039 ad
956 1963 1107 2056 oppiddm
1118 1997 1220 2037 acces-

213 2075 307 2135 sisset
326 2083 488 2156 castraque
508 2076 554 2137 ibi
573 2082 712 2168 poneret,
731 2064 821 2154 pueri
841 2076 1049 2153 mulieresque
1068 2094 1107 2134 ex
1125 2095 1220 2134 muro

169 2201 191 2232 ο
213 2173 313 2250 passis
328 2174 471 2234 manibus
487 2193 542 2234 suo
558 2193 641 2234 more
657 2192 763 2274 paoem
779 2174 818 2234 ab
831 2173 982 2234 Romanis
997 2172 1165 2251 petierunt.

254 2267 307 2334 14.
321 2271 399 2330 Pro
419 2261 469 2330 his
489 2261 717 2331 Divitiacus-
676 2290 799 2331 -nam
820 2276 892 2348 post
914 2270 1086 2331 discessum
1107 2270 1221 2346 Belga-

214 2383 282 2425 rum
296 2367 434 2428 dimissis
450 2367 628 2427 Aeduorum
644 2368 742 2446 copiis
757 2369 798 2428 ad
814 2387 885 2427 eum
905 2367 1222 2428 reverterat-facit
1322 2346 1323 2417 l

213 2465 325 2525 rerba:
351 2464 534 2523 Bellovacos
556 2464 641 2524 omni
662 2465 832 2543 tempore
824 2484 858 2523 ιιι
879 2464 940 2524 fide
961 2468 1056 2555 atque
1076 2463 1223 2526 amicitia

213 2560 353 2622 civitatis
369 2561 497 2621 Aeduae
514 2561 627 2621 fuisse:
650 2561 803 2640 impulsos
821 2581 840 2622 a
857 2562 923 2622 suis
941 2546 1145 2640 prindipibus‚
1160 2562 1223 2639 qui

167 2685 190 2733 ις
214 2659 354 2718 dicerent
365 2658 491 2717 Aeduos
506 2658 545 2717 ab
559 2658 738 2720 Caesarein
752 2659 936 2718 servitutem
951 2660 1093 2719 redactos
1107 2677 1222 2718 omnes

102 2832 104 2838 ἲ
213 2755 421 2832 indignitates
441 2755 708 2834 contumeliasque
728 2757 876 2834 perferre,
893 2762 925 2817 et
944 2757 983 2817 ab
997 2755 1116 2816 Aeduis
1134 2755 1225 2814 defe-

213 2853 293 2913 cisse
324 2858 357 2913 et
388 2851 503 2931 populo
531 2853 672 2912 Romano
702 2853 819 2912 bellum
846 2853 1003 2914 intulisse.
1059 2851 1120 2924 Qui
1147 2852 1223 2912 eius

214 2949 327 3010 consili
354 2949 512 3029 principes
540 2949 688 3025 fuissent,
712 2951 796 3027 quod
820 2951 1040 3027 intellegerent
1064 2954 1225 3028 quantam

214 3047 427 3107 calamitatem
454 3046 579 3106 civitati
607 3046 800 3122 intulissent,
825 3047 859 3106 in
886 3046 1083 3107 Britanniam
1111 3046 1227 3124 profu-

166 3171 194 3216 30
216 3143 308 3218 gisse.
348 3144 461 3202 Petere
482 3163 546 3202 non
568 3143 669 3202 solum
689 3143 872 3204 Bellovacos
894 3145 950 3204 sed
971 3144 1066 3204 etiam
1087 3163 1146 3222 pro
1166 3143 1226 3206 his

216 3239 342 3298 Aeduos
364 3244 401 3298 ut
423 3258 480 3299 sua
503 3239 671 3298 clementia
695 3257 730 3297 ac
754 3241 993 3300 mansuetudine
1017 3224 1126 3301 ineos
1152 3246 1228 3302 uter

216 3341 277 3396 tur.
306 3336 395 3410 Quod
409 3335 437 3397 si
452 3335 572 3408 fecerit,
583 3335 763 3395 Aeduorum
777 3337 995 3399 auctoritatem
1010 3337 1095 3420 apud
1108 3357 1229 3403 omnes
