2692 3675
606 161 706 210 BOOK
728 162 767 209 11.

245 368 307 427 But
323 318 369 426 ibe
386 368 512 425 soldiers
528 366 592 424 aad
608 366 786 425 liecteacais
802 365 889 424 knew
905 364 984 423 what
1000 372 1029 424 te
1046 366 1096 424 do.

212 489 269 555 20.
292 487 418 550 Caesari
429 487 535 546 omnia
546 494 607 546 rino
618 491 759 563 tempore
770 491 859 546 erant
870 486 1004 567 agenda:
1020 485 1172 547 vexillum

172 585 416 665 prepenendum,
432 589 556 661 signum
575 584 652 644 tuba
668 583 815 659 dandum,
831 583 870 643 ab
891 601 984 660 opere
1005 584 1172 645 revocandi

172 684 297 758 milites
313 681 395 742 acies
409 681 602 755 instruenda,
618 680 737 741 milites
751 680 946 756 cohortandi,
962 686 1086 758 signum
1100 682 1173 741 dan·

171 783 253 841 dum.
304 780 440 855 Querum
465 783 568 837 rerum
591 786 738 859 megnam
758 784 879 855 partem
901 777 1052 856 temporis
1072 779 1173 839 brevi·

172 886 219 938 tas
237 882 269 937 et
287 893 447 937 successus
465 874 604 969 hostium
619 870 819 953 impediebat.
845 866 847 871 ’
862 874 925 935 Sed
943 880 1011 935 erat
1031 875 1172 937 subsidio
1193 893 1209 943 s

170 973 303 1035 scientia
323 978 418 1051 atque
439 980 514 1032 esus
536 972 682 1047 miIitum,
705 972 789 1050 qued
810 923 1023 1051 inpetieribus
1045 973 1171 1051 proeliis

170 1046 344 1150 ereieiteti,
373 1077 436 1143 nen
463 1068 573 1157 minus
596 1051 764 1129 commode.
783 1068 851 1147 ipsi
874 1069 936 1131 sibi
963 1053 1171 1148 praescribere

170 1169 324 1253 quam‘ab
345 1167 416 1227 aliis
436 1167 540 1258 doceri
554 1172 710 1245 poterant.
752 1167 922 1227 Praeterea
941 1166 981 1227 ab
1001 1185 1093 1245 opere
1112 1166 1174 1226 sin·

170 1259 314 1344 gulisque
345 1264 520 1341 legionibus
552 1264 694 1342 singulos
722 1264 843 1340 legetos
872 1264 986 1326 Caesar
1013 1263 1172 1325 discedere

170 1369 323 1423 vetuerat.
379 1362 425 1421 Hi
455 1367 584 1440 propter
614 1361 882 1439 propinquitetem
914 1366 947 1421 et
976 1360 1171 1421 celeritetem
1196 1388 1221 1422 re

170 1461 310 1521 hostium
330 1459 412 1519 nihil
433 1459 496 1519 iam
517 1458 659 1520 Caesaris
681 1458 849 1536 imperium
866 1458 1101 1537 exspectebant,
1116 1458 1173 1519 sed

170 1578 225 1636 per
240 1577 273 1617 se
288 1576 367 1635 quae
382 1556 569 1616 videbantur
582 1555 859 1644 administrebanb

236 1677 380 1732 prepeno,
394 1672 511 1722 ostendo.
713 1673 853 1721 commod
880 1676 972 1735 zebee,
985 1672 1057 1722 bene.

235 1769 395 1814 successus,
411 1766 536 1813 accessus,
550 1752 588 1803 15.
715 1755 899 1813 praescribo,
909 1755 1056 1817 praecepio.

235 1840 415 1898 subsidium,
429 1839 570 1898 armiliam,
583 1836 607 1888 6.
715 1842 793 1898 veto,
803 1838 941 1900 prohibeo.

236 1927 314 1980 fisus,
326 1922 493 1982 experientia.
711 1922 931 1981 propinquitas,
944 1921 1077 1971 vicinitus.

235 2006 429 2063 exercitetus‚
439 2003 553 2065 peritus.
712 2004 909 2053 administro:
923 2004 1060 2065 prevideo,
1075 2016 1137 2065 ceo.

164 2163 354 2310 [Plebeiae
369 2162 469 2236 beqins
484 2161 581 2234 before
596 2160 642 2217 tlte
656 2160 783 2217 soldiers
797 2176 854 2217 cure
869 2177 936 2219 arra
950 2161 1127 2220 themselves.

212 2281 264 2348 21.
288 2283 402 2342 Caesar
415 2279 600 2340 neeesseriis
615 2279 707 2340 rebus
721 2278 885 2358 imperetis
904 2281 944 2341 ad
962 2281 1169 2344 cohortandos

170 2380 287 2439 milites
321 2376 498 2437 decucurrit
531 2379 562 2436 et
593 2377 634 2437 ad
663 2376 819 2454 legienem
850 2377 1001 2439 decimam
1016 2379 1168 2440 'devenit

170 2476 289 2535 Milites
310 2482 373 2534 nen
394 2473 534 2550 longiere
549 2473 691 2535 eretiene
708 2475 889 2536 cohortetus
911 2495 1005 2554 quam
1025 2476 1074 2536 uti
1094 2495 1169 2536 suae
1206 2469 1210 2474 ’

169 2572 321 2651 pristinae
334 2558 337 2564 ’
350 2569 479 2630 virtetis
506 2571 689 2630 memoriam
716 2571 889 2632 retinerent
918 2592 979 2633 neu
1009 2574 1169 2651 perturber

168 2675 278 2730 rentur
298 2668 402 2729 animo
423 2668 625 2747 hostiumque
645 2667 800 2746 impetum
821 2669 947 2730 fortiter
965 2670 1166 2746 sustinerent,
1190 2683 1206 2731 5

168 2768 252 2846 quod
272 2775 336 2828 nen
356 2766 448 2843 lenge
469 2765 576 2826 hostes
597 2766 737 2842 aberant,
753 2766 853 2844 proeli
872 2766 1090 2827 committendi
1111 2773 1170 2844 sig·

167 2884 243 2924 num
265 2863 337 2924 dedi
402 2862 508 2941 Atque
529 2863 563 2923 in
585 2863 718 2923 alteram
741 2855 962 2941 partenitem
984 2847 1169 2925 cohortandi

167 2979 262 3022 causa
282 2869 442 3038 prefectus
466 2959 679 3038 pregnantibus
705 2925 1054 3065 occurriyff'emporis
1079 2966 1169 3022 tanta

167 3058 231 3118 fuit
252 3057 409 3134 exiguitas
431 3056 634 3135 hostiumque
656 3061 723 3116 tarn
738 3063 875 3134 'paretes
896 3058 936 3118 ad
957 3057 1167 3118 dimicandum

167 3155 299 3230 animus,
324 3159 361 3213 ut
386 3161 448 3214 nen
472 3154 564 3214 modo
589 3154 629 3214 ed
653 3153 790 3230 insignia
813 3155 1086 3229 adcommodanda,
1111 3156 1167 3215 sed
1191 3183 1216 3217 rc

167 3252 312 3312 etiamad
323 3251 427 3326 galeas
439 3250 612 3310 induendas
623 3256 781 3328 scutisque
792 3250 964 3327 tegimenta
975 3251 1168 3311 decredenda

110 3361 113 3367 '
166 3354 291 3430 tempus
306 3345 474 3436 defueras
487 3348 585 3423 Quam
600 3347 634 3407 in
648 3353 770 3429 partem
785 3347 918 3429 quisque
932 3346 972 3407 ab
985 3365 1078 3429 opere
1092 3353 1167 3410 cesu
