2692 3675
590 186 702 234 urana
724 185 764 234 11.
1158 162 1195 232 31

145 354 259 432 Belgas
278 353 551 432 amplificaturum‚
571 372 703 431 quorum
723 352 849 412 auxiliis
868 357 964 431 atque
983 350 1103 430 opibus,
1119 350 1147 410 si

145 471 207 531 qua
221 451 304 511 bella
317 451 495 526 inciderint,
511 456 688 510 sustentare
702 450 891 511 consuerint.

186 547 240 615 15.
269 548 382 609 Caesar
402 548 529 609 honoris
554 547 707 609 Divitiaci
731 554 826 625 atque
850 547 1031 607 Aeduorum
1054 564 1150 608 causa

147 665 214 707 sese
237 664 289 705 eos
312 645 461 705 infidam
484 650 684 724 recepturum
709 651 742 705 et
765 650 1023 705 conservaturum
1047 643 1146 720 dixit3

147 744 231 823 quod
252 748 319 803 erat
339 742 452 803 civitas
473 762 588 820 magna
607 742 692 803 inter
711 743 825 820 Belgas
847 742 1035 803 auctoritate
1054 748 1149 819 atque
1164 756 1186 817 'l

147 840 309 901 hominum
331 840 536 900 multitudine
557 841 745 919 praestabat,
767 846 931 901 sexcentos
952 840 1076 901 obsides
1097 858 1149 918 po

147 938 257 1017 poscit.
299 938 361 998 His
376 938 503 998 traditis
519 939 727 1016 omnibusque
741 938 838 998 armis
858 957 898 998 ex
919 938 1034 1017 oppido
1048 937 1149 998 conla-

147 1035 200 1111 tis,
223 1035 263 1095 ab
287 1054 324 1095 eo
348 1034 416 1094 looo
441 1035 475 1094 in
500 1035 578 1095 fines
603 1035 831 1096 Ambianorum
856 1035 1009 1115 pervenit,
1035 1035 1148 1113 quise

148 1150 266 1210 suaque
285 1132 391 1192 omnia
409 1132 476 1192 sine
495 1152 583 1193 mora
601 1133 797 1194 dediderunt.
841 1133 959 1193 Eorum
977 1133 1055 1193 fines
1072 1134 1150 1193 Ner-

148 1230 195 1289 vii
217 1230 434 1307 attingebant;
463 1248 597 1308 quorum
619 1231 657 1291 de
681 1235 794 1291 natura
813 1230 1015 1309 moribusque
1037 1229 1151 1293 Caesar
1176 1258 1201 1290 Io

148 1347 220 1388 cum
231 1332 403 1405 quaereret,
416 1326 461 1387 sic
473 1328 662 1405 reperiebat:
685 1326 819 1389 Nullum
830 1328 952 1390 aditum
962 1347 1031 1389 esse
1042 1329 1082 1388 ad
1096 1344 1149 1387 eos

149 1424 391 1500 mercatoribus;
420 1424 502 1483 nihil
526 1425 595 1503 pati
616 1424 684 1483 vini
705 1425 959 1504 reliquarumque
981 1445 1084 1486 rerum
1105 1425 1150 1484 in-

149 1523 235 1599 ferri,
264 1513 348 1601 quod
378 1524 417 1583 iis
449 1524 541 1583 rebus
571 1524 807 1600 relanguescere
835 1522 956 1583 animos
984 1542 1091 1583 eorum
1116 1527 1149 1583 et

150 1620 271 1681 remitti
285 1620 436 1680 virtutem
451 1620 687 1682 existimarent:
709 1636 778 1681 csse
799 1619 941 1681 homines
963 1621 1047 1680 feros
1068 1639 1151 1698 mag·

150 1738 271 1797 uaeque
301 1718 451 1794 virtutis;
486 1718 675 1796 increpitare
706 1723 802 1796 atque
837 1719 980 1778 incusare
1014 1718 1151 1795 reliquos
1178 1743 1203 1795 ¹5

150 1817 265 1895 Belgas
290 1816 345 1895 qui
370 1834 403 1877 se
428 1816 544 1895 populo
566 1816 709 1876 Romano
733 1814 930 1876 dedidissent
954 1814 1150 1894 patriamque

150 1915 303 1975 virtutem
334 1915 560 1993 proiecissent3
592 1914 776 1974 confirmare
804 1932 873 1974 sese
901 1931 1003 1991 neque
1031 1912 1151 1990 legatos

151 2012 302 2073 missuros
316 2030 418 2090 neque
432 2011 530 2071 ullam
545 2011 758 2072 condicionem
773 2011 860 2090 pacis
874 2016 1064 2089 accepturos.
1104 2000 1107 2006 ¹

192 2108 246 2176 lt.
274 2108 352 2170 Cum
373 2129 430 2187 per
451 2127 558 2168 eorum
579 2108 657 2169 fines
679 2108 821 2169 triduum
838 2108 900 2168 iter
917 2106 1053 2181 fecisset,
1069 2107 1153 2169 inve·

152 2206 259 2266 niebat
283 2225 322 2265 ex
350 2203 483 2282 captivis
513 2204 620 2266 Sabim
646 2205 765 2266 flumen
791 2205 831 2265 ab
858 2203 972 2265 castris
1000 2204 1066 2264 suis
1091 2223 1153 2263 non
1177 2217 1205 2263 ἑο

152 2303 288 2381 amplius
304 2301 392 2361 milia
405 2320 555 2380 passuum
571 2321 593 2360 x
610 2302 734 2362 abesse:
756 2307 844 2362 trans
863 2302 897 2362 id
913 2301 1031 2362 flumen
1045 2320 1152 2363 omnes

152 2399 293 2460 Nervios,
305 2399 483 2460 consedisse
498 2399 730 2477 adventumque
744 2398 791 2460 ibi
803 2401 1017 2460 Romanorum
1030 2417 1154 2478 exspec-

152 2503 221 2559 tare
241 2516 305 2557 una
325 2515 396 2558 cum
416 2496 579 2556 Atrebatis
601 2501 633 2557 et
653 2495 881 2558 Veromanduis
906 2496 1051 2558 finitimis
1076 2497 1151 2572 suis,

153 2615 225 2656 nam
248 2595 298 2656 his
322 2593 464 2674 utrisque
487 2599 707 2672 persuaserant
730 2593 780 2654 uti
804 2595 934 2655 eandem
960 2595 1037 2655 belli
1057 2595 1156 2654 fortu-

152 2713 224 2753 nam
239 2692 475 2771 experirentur3
497 2690 673 2770 exspectari
688 2691 784 2752 etiam
798 2692 838 2752 ab
850 2691 901 2751 his
915 2691 1151 2752 Aduatucorum
1180 2718 1206 2767 25

152 2789 257 2868 copias
272 2795 367 2868 atquo
381 2808 449 2849 esse
462 2789 497 2849 in
511 2788 639 2866 itinere;
658 2789 806 2849 mulieres
821 2788 937 2867 quique
952 2807 1008 2867 per
1018 2794 1153 2849 aetatem

152 2887 193 2948 ad
213 2906 350 2966 pugnam
372 2886 501 2946 inutiles
516 2886 701 2946 viderentur
717 2885 751 2945 in
769 2905 841 2946 eum
856 2885 960 2946 locum
974 2884 1152 2963 coniecisse,
1185 2895 1187 2900 '

153 3003 214 3062 quo
229 2989 358 3063 propter
371 2983 501 3061 paludes
517 2981 669 3043 exercitui
684 2982 789 3043 aditus
804 3001 868 3042 non
881 2987 974 3043 esset.
1161 3060 1163 3063 Ι

190 3080 244 3164 17.
273 3081 335 3142 His
364 3081 456 3141 rebus
485 3079 619 3157 cognitis
648 3079 862 3157 exploratores
894 3078 1154 3160 centurionesque

153 3178 331 3258 praemittit
345 3177 401 3256 qui
413 3178 518 3238 locum
532 3177 680 3236 idoneum
694 3176 806 3236 castris
821 3177 973 3254 deligant.
1016 3178 1095 3238 cnm
1114 3198 1154 3239 ex
1181 3207 1205 3255 30

153 3275 313 3336 dediticiis
334 3275 442 3351 Belgis
465 3273 656 3352 reliquisque
677 3273 780 3334 Gallis
802 3274 976 3351 complures
992 3275 1156 3336 Gaesarem

154 3373 255 3435 secuti
279 3390 342 3432 una
367 3372 428 3431 iter
450 3372 599 3445 facerent,
624 3370 752 3447 quidam
776 3389 816 3429 ex
840 3370 899 3446 his,
922 3375 959 3430 ut
983 3376 1094 3449 postea
1116 3391 1156 3432 ex
