2692 3675
160 114 180 197 6
479 127 638 191 cAEsAn’s
661 141 794 191 onemo
817 143 907 192 wne

208 314 312 375 oditus
329 318 455 374 tentum
475 312 624 372 adversus
642 310 677 370 in
695 311 896 371 lotitodinem
913 314 1041 390 patobet
1058 321 1210 393 quantum
1277 295 1279 300 ’

209 412 270 472 1οοί
286 411 368 471 acies
383 415 536 470 instroote
552 416 703 486 occupore
722 415 854 487 poterat.
896 409 1003 488 Atque
1020 430 1059 471 ex
1078 418 1211 491 utroque

209 515 297 587 perte
311 508 419 568 leteris
435 507 573 568 deiectus
588 506 732 582 habobat,
749 512 780 566 et
798 507 832 566 in
846 507 984 568 frontem
998 508 1112 569 ioniter
1127 511 1212 570 festi-

161 634 188 667 10
210 613 302 685 gotus
316 604 470 684 penlotim
484 604 524 664 ad
538 603 705 682 plonitiem
718 605 847 665 redibat.
845 612 880 684 j
890 605 941 664 Ab
959 611 1095 683 utroque
1113 607 1211 667 latere

134 694 138 700 ’
209 705 276 765 oius
297 703 386 763 collis
406 707 618 761 transversam
638 701 756 761 fossam
776 702 906 761 obdoxit
924 702 1032 763 circite
1063 723 1211 781 passuum

211 800 509 879 quadringentorum
520 802 552 858 et
566 799 606 858 ed
621 804 776 858 extromes
788 799 890 859 fossas
902 706 1212 908 castellebonstituit

209 898 315 975 ibique
337 902 494 956 tormenta
514 896 699 971 conlocovit,
719 916 759 956 ne
780 896 887 957 hostes
898 897 948 988 qu
968 898 1120 957 lateribus
1141 906 1212 976 pog-
1241 885 1244 889 ⁵
1338 877 1339 886 ἵ

210 1000 322 1055 nantes
350 1012 422 1055 suos
451 993 675 1054 circumvenire
703 999 841 1070 possent.
884 985 958 1054 Hoc
982 995 1068 1055 fecto
1092 997 1212 1056 duobus

162 1110 189 1157 15
209 1092 385 1169 legionibus
401 1099 478 1169 quos
493 1090 634 1169 proxime
654 1097 880 1169 conscripserat
898 1092 931 1150 in
953 1092 1064 1152 eastris
1086 1093 1211 1168 relictis,

211 1189 348 1268 reliques
360 1208 416 1249 sex
425 1189 565 1266 legiones
576 1208 633 1266 pro
645 1188 756 1248 castris
768 1188 801 1246 in
812 1189 878 1248 acie
889 1190 1064 1250 constituit.
1096 1191 1213 1250 Hostes

195 1356 199 1364 Ι
212 1288 288 1348 item
303 1305 374 1347 suas
389 1286 495 1363 copias
510 1305 549 1345 ex
564 1286 675 1345 castris
691 1287 818 1346 oductas
833 1291 1053 1346 instroxorent.
1156 1306 1160 1313 ·

253 1404 397 1453 eximius:
417 1403 551 1461 excellens,
566 1402 694 1464 oyreoius.
753 1402 893 1450 idoneus:
913 1408 999 1463 opere,
1012 1354 1171 1453 cobmodus.

253 1488 364 1545 opinio,
373 1484 460 1547 soma.
755 1486 900 1542 dolectus,
913 1485 1056 1535 doeooitcs.

254 1570 440 1627 supersedeo,
453 1567 580 1617 abstineo.
755 1568 927 1627 rastigotus,
941 1568 1062 1619 aucum

254 1652 424 1711 periclitor:
444 1656 522 1712 toute,
537 1651 663 1713 esperior.
758 1653 890 1710 conloco,
900 1650 1018 1727 porros

254 1799 378 1874 Ftuolly
398 1800 445 1858 the
466 1751 678 1928 ew
700 1813 720 1855 o
741 1797 818 1856 dash
838 1804 867 1855 to
887 1814 969 1856 eroes
988 1798 1035 1856 tte
1055 1796 1175 1859 Acorea.

255 1913 291 1981 9.
323 1912 419 1972 Baius
434 1917 502 1972 eret
516 1930 580 1970 non
594 1878 708 1988 magni
721 1910 805 1969 inter
815 1915 957 1970 nostrum
972 1916 1067 1989 atque
1078 1911 1217 1972 hostium
1264 1917 1268 1924 '

215 2010 395 2073 exercitum.
439 2011 531 2070 Hanc
555 2008 583 2068 si
608 2007 709 2068 nostri
734 2012 905 2067 transirent
928 2007 1036 2068 hostes
1061 2015 1219 2087 exspecto-

215 2094 300 2171 bent.
351 2107 484 2168 Interim
511 2105 631 2190 proelio
660 2105 799 2183 equestri
826 2104 910 2164 inter
934 2106 1011 2166 duas
1039 2107 1122 2166 ecies
1150 2126 1219 2167 con-

216 2205 412 2268 tendobotur.
449 2203 515 2264 Ubi
528 2203 634 2264 neutri
648 2203 857 2262 tronseundee
872 2202 939 2262 eius
954 2203 1076 2281 palodis
1091 2203 1219 2263 initium

180 2318 194 2366 5
216 2295 347 2378 faciunt,
367 2301 549 2362 secundiore
571 2300 713 2379 equitnm
734 2299 853 2378 proelio
873 2299 990 2360 nostris
1012 2301 1127 2361 Caesar
1146 2319 1219 2360 suos

216 2401 249 2460 in
264 2405 367 2460 cestre
381 2397 532 2496 redirits
557 2375 677 2458 Hos'tes
692 2397 836 2476 protinus
851 2415 890 2456 ex
905 2416 941 2456 eo
954 2398 1023 2457 ioco
1044 2398 1084 2456 ad
1104 2397 1221 2464 flomen

217 2498 362 2557 Axonam
392 2495 628 2569 contendorunt‚
660 2495 745 2571 quod
778 2513 845 2554 esse
876 2498 948 2572 post
977 2499 1087 2554 nostra
1119 2502 1221 2555 castra

183 2574 187 2581 Ι
217 2596 466 2655 domonstrotum
485 2596 541 2651 est.
585 2591 713 2650 Partem
732 2597 859 2650 suorum
879 2590 1040 2666 eopiorum
1058 2593 1221 2651 trodocere

217 2691 322 2752 conoti
342 2695 424 2765 sunt,
436 2694 473 2748 ut
488 2687 652 2749 castelium
666 2686 717 2747 oui
732 2691 875 2765 praeerat
889 2686 929 2764 Q„
940 2686 1082 2747 Titurius
1096 2689 1221 2765 logotus

170 2818 196 2851 ιο
218 2791 433 2867 expignorent
451 2792 642 2865 pontemque
662 2782 942 2861 interscinderent3
964 2783 992 2844 si
1011 2784 1115 2845 minus
1134 2791 1223 2864 potu-

217 2888 326 2962 issent,
352 2890 389 2944 ut
416 2902 506 2962 egros
534 2884 705 2942 Remorum
732 2879 958 2959 populorentur
984 2888 1222 2961 commonitoque

218 2989 341 3044 nostros
357 2982 566 3061 prohiborent.

260 3105 392 3162 initium,
402 3102 574 3164 principium.
771 3101 929 3159 contendo,
942 3073 1057 3160 mitiore,
1072 3100 1094 3149 7.

261 3187 417 3244 sccundus,
426 3185 577 3246 prosperus.
770 3195 917 3241 praesum,
929 3181 1195 3244 praefecissem&

261 3271 417 3328 protinus:
436 3268 535 3325 stetim,
550 3265 684 3326 retempto,
772 3266 964 3321 interseram,
976 3265 1112 3326 abrumpo.

209 3344 211 3349 ’
327 3355 438 3415 repente,
452 3347 547 3400 subito.
772 3349 966 3406 commeritus,
977 3346 1059 3408 dous,
1072 3345 1096 3398 5.

700 3489 721 3628 ii
