2692 3675
572 157 683 205 arana
704 158 744 205 11.
1038 182 1050 203 .
1148 142 1191 208 39

139 326 246 408 procul
257 326 578 401 constituividerunt,
590 325 726 404 primurn
742 325 878 387 inridere
893 345 933 387 ex
946 347 1035 388 muro
1046 334 1139 406 atque

137 425 324 505 increpitare
334 424 473 499 vocibus,
486 423 570 502 quod
579 428 669 482 tanta
680 423 872 483 machinatio
884 424 923 484 ab
933 429 1022 484 tanto
1038 425 1140 502 spatio

137 523 365 583 instrueretur:
398 521 586 599 quibusnam
616 520 761 580 manibus
792 525 848 579 aut
878 520 992 597 quibus
1019 522 1139 581 viribus

138 618 323 697 praesertim
343 619 485 678 homines
507 617 649 677 tantulae
669 623 938 677 staturae-nam
956 619 1140 697 plerumque

138 716 316 775 hominibus
343 715 444 777 Gallis
473 734 548 793 prae
576 714 793 792 magnitudine
821 733 985 791 corporum
1013 733 1138 774 suorum
1164 739 1175 788 5

139 813 275 873 brevitas
297 819 406 873 nostra
426 812 621 890 contemptui
642 810 831 871 est—tanti
850 810 953 872 oneris
973 812 1085 871 turrim
1107 812 1140 871 in

138 930 227 970 muro
242 929 309 970 sese
324 910 484 971 conlocare
499 908 719 969 confiderent?

179 1006 232 1073 31.
263 1008 329 1068 Ubi
343 1026 417 1067 vero
432 1006 551 1066 moveri
565 1011 598 1066 et
612 1005 863 1085 adpropinquare
880 1007 1042 1067 moenibus
1056 1007 1141 1069 vide·

137 1110 222 1183 runt,
247 1122 329 1164 nova
356 1108 450 1181 atque
478 1102 631 1162 inusitata
655 1103 759 1181 specie
784 1103 931 1163 commoti
955 1104 1076 1181 legatos
1100 1106 1140 1164 ad

138 1202 303 1264 Gaesarem
324 1201 362 1260 de
384 1219 459 1279 pace
480 1200 643 1274 miserunt,
660 1200 715 1277 qui
730 1201 770 1259 ad
784 1200 868 1260 hunc
881 1202 1009 1260 modum
1022 1201 1138 1261 locuti:
1164 1222 1190 1255 ιο

140 1300 230 1359 ‘Non
244 1298 423 1357 existimare
438 1298 596 1357 Romanos
612 1297 680 1356 sine
696 1317 754 1375 ope
768 1297 876 1357 divina
890 1298 1008 1357 bellurn
1023 1317 1138 1375 gerere,

139 1396 193 1475 qui
209 1400 318 1456 tantae
332 1394 512 1455 altitudinis
528 1394 775 1455 machinationes
789 1399 881 1467 tauta
895 1394 1055 1455 celeritate
1074 1415 1141 1474 pro-

138 1512 263 1553 movere
284 1498 430 1571 possent3
460 1510 494 1551 se
517 1511 633 1571 suaque
655 1492 760 1552 omnia
770 1511 880 1552 eorum
902 1493 1053 1571 potestati
1074 1512 1140 1571 per·

138 1590 281 1650 mittere’
296 1590 454 1649 dixerunt.
499 1591 624 1650 ‘Unum
638 1595 745 1668 petere
759 1609 795 1651 ac
809 1590 987 1669 deprecari:
1009 1590 1037 1651 si
1056 1591 1139 1651 forte

139 1707 195 1767 pro
218 1707 274 1748 sua
295 1688 461 1748 clementia
482 1706 517 1748 ac
540 1688 790 1762 mansuetudine,
811 1708 904 1766 quam
926 1688 987 1767 ipsi
1008 1689 1047 1749 ab
1068 1688 1139 1748 aliis
1164 1712 1188 1762 ¹5

139 1786 293 1871 audirent,
312 1785 477 1846 statuisset
496 1786 678 1847 Aduatucos
700 1804 768 1846 esse
790 1786 1028 1863 conservandos,
1046 1805 1085 1847 ne
1107 1804 1139 1846 se

139 1884 233 1944 armis
262 1883 459 1962 despoliaret.
509 1883 576 1943 Sibi
605 1902 712 1943 omnes
737 1884 803 1944 iere
828 1883 979 1944 finitimos
1003 1903 1072 1944 esse
1095 1884 1141 1944 in·

138 1982 248 2042 imioos
269 2001 305 2042 ac
326 2000 400 2041 suae
422 1981 536 2040 virtuti
557 1981 718 2056 invidere3
744 1981 895 2058 aquibus
916 2000 951 2041 se
972 1982 1139 2041 defendere

139 2080 264 2140 traditis
289 2079 385 2140 armis
410 2097 473 2137 non
499 2084 636 2156 possent.
681 2078 747 2139 Sibi
771 2083 938 2156 praestare,
962 2079 990 2138 si
1013 2079 1046 2137 in
1068 2098 1139 2138 eum

138 2197 243 2238 casum
256 2178 492 2252 deducerentur,
505 2175 648 2255 quamvis
660 2176 821 2236 fortunam
835 2194 854 2235 a
867 2176 983 2254 populo
997 2177 1140 2236 Romano
1162 2204 1190 2236 20

139 2275 214 2352 pati,
244 2294 339 2353 quam
366 2275 405 2334 ab
429 2274 480 2335 his
505 2294 562 2352 per
586 2273 758 2335 cruciatum
784 2272 928 2350 interfici,
954 2273 1038 2334 inter
1061 2293 1139 2352 quos

139 2371 293 2431 dominari
318 2372 540 2432 consuessent!

180 2469 237 2535 32.
267 2469 318 2528 Ad
339 2468 415 2530 haec
436 2471 550 2531 Caesar
571 2468 750 2546 respondit:
781 2467 838 2528 ‘Se
858 2468 957 2546 magis
979 2475 1141 2530 consuetu-

139 2566 211 2626 dine
226 2584 283 2626 sua
297 2584 390 2644 quam
405 2566 517 2626 merito
532 2584 639 2625 eorum
654 2565 817 2625 civitatem
831 2572 1096 2640 conservaturum,
1112 2566 1138 2625 si

138 2664 226 2741 prius
248 2683 342 2742 quarn
363 2683 486 2723 murum
508 2663 587 2723 aries
609 2661 769 2739 attigisset
790 2681 824 2722 se
846 2663 1057 2739 dedidissent3
1085 2664 1139 2722 sed
1161 2687 1187 2735 25

138 2761 307 2821 deditionis
328 2748 449 2821 nullam
475 2779 542 2820 esse
567 2759 781 2820 condicionem
804 2759 865 2819 nisi
886 2760 981 2820 armis
1002 2761 1137 2819 traditis.

139 2859 178 2918 Se
207 2859 239 2918 id
267 2859 351 2937 quod
378 2858 412 2917 in
439 2857 567 2917 Nerviis
596 2857 726 2917 fecisset
750 2856 907 2916 iacturum
931 2857 1139 2935 finitimisque

138 2955 373 3032 imperaturum,
386 2974 425 3014 ne
438 2974 531 3032 quarn
543 2953 703 3014 dediticiis
718 2954 827 3032 populi
842 2953 976 3013 Romani
991 2953 1139 3014 iniuriam

138 3048 311 3111 inferrent!
368 3053 416 3112 Re
443 3052 590 3112 nuntiata
619 3053 659 3111 ad
690 3069 772 3125 suos
802 3070 881 3128 quae
909 3051 1139 3130 imperarentur

138 3146 240 3206 facere
256 3149 411 3208 dixerunt.
455 3149 622 3208 Armorum
636 3168 750 3226 magna
765 3149 969 3208 multitudine
990 3150 1138 3208 de.muro
1160 3172 1189 3218 30

138 3242 172 3301 in
196 3243 314 3303 fossam
339 3263 418 3321 quae
443 3251 510 3305 erat
534 3253 607 3306 ante
632 3246 783 3323 oppidum
809 3245 890 3305 iacta
913 3245 958 3306 sic
982 3251 1018 3304 ut
1042 3265 1138 3324 prope

139 3358 292 3401 summam
313 3341 396 3400 muri
418 3341 602 3420 aggerisque
628 3342 830 3401 altitudinem
854 3342 958 3403 acervi
981 3362 1138 3403 armorum
