2692 3675
513 144 544 192 0.
567 144 646 193 rom
667 142 847 193 CAESARIS

198 309 333 388 captivis
354 311 514 388 cognitum
536 317 593 387 est,
609 330 718 371 eorum
731 310 853 371 dierum
867 310 1093 371 consuetudine
1107 310 1194 371 itine

198 407 242 467 ris
257 408 358 468 nostri
372 410 528 468 exercitus
543 416 715 487 perspecta,
731 414 822 469 ncote
842 410 883 469 ad
901 408 1037 469 Nervios
1053 426 1194 487 pervene

198 511 272 565 runt
300 511 394 584 atque
421 506 471 565 his
500 507 756 566 demonstrarunt
780 506 864 566 inter
889 505 1030 583 singulas
1058 505 1195 583 legiones

198 600 491 680 impedimentorum
513 623 658 680 magnum
680 622 845 663 numerum
870 603 1073 677 intercedere,
1095 621 1196 680 neque
1289 598 1292 601 ’

161 722 173 771 5
196 717 264 759 esse
286 700 452 777 quicquam
475 702 589 777 negoti,
606 718 676 759 cum
698 700 801 778 prima
816 700 898 777 legio
919 700 953 759 in
974 705 1078 760 castra
1097 699 1196 759 venis-

197 802 253 871 set,
267 796 466 874 reliquaeque
481 796 621 874 legiones
636 815 784 873 magnum
798 797 936 875 spatium
951 798 1104 871 abessent,
1116 796 1196 856 hanc

197 894 255 953 sub
270 893 400 953 sarcinis
415 894 547 970 adoriri3
570 913 632 971 qua
646 894 739 971 pulsa
753 894 1048 971 impedimentisque
1062 893 1194 971 direptis

196 991 339 1049 futurum
366 996 403 1050 ut
431 990 571 1069 reliquae
600 996 710 1052 contra
739 990 911 1051 consistere
940 1009 1004 1050 non
1034 990 1193 1049 auderent.

195 1088 376 1147 Adiuvabat
398 1088 494 1148 etiam
515 1108 622 1149 eorum
644 1088 810 1149 consilium
832 1088 887 1166 qui
911 1106 977 1147 rem
1002 1087 1194 1161 deferebant,

148 1206 174 1237 ro
196 1186 279 1263 quod
312 1186 424 1245 Nervii
457 1185 643 1263 antiquitus,
672 1205 743 1246 cum
776 1184 919 1263 equitatu
953 1184 1036 1243 nihil
1066 1191 1195 1263 possent

197 1284 410 1364 (nequeenim
429 1283 541 1343 adhoc
557 1289 682 1361 tempus
703 1282 733 1343 ei
753 1283 800 1342 rei
821 1284 959 1359 student,
975 1284 1030 1344 sed
1045 1284 1193 1362 quioquid

195 1385 336 1458 possunt,
362 1380 560 1459 pedestribus
585 1381 693 1440 valent
717 1380 830 1460 copiis)
857 1400 920 1460 quo
946 1382 1073 1442 facilius
1101 1382 1194 1442 finiti·

195 1497 315 1537 morum
337 1478 520 1556 equitatum,
541 1477 568 1537 si
590 1478 762 1555 praedandi
781 1497 875 1539 causa
892 1479 933 1538 ad
951 1497 1004 1538 eos
1023 1478 1194 1556 venissent,
1262 1516 1264 1520 ·

195 1574 392 1652 impedirent,
414 1575 532 1634 teneris
554 1574 716 1634 arboribus
738 1573 845 1634 incisis
867 1580 962 1653 atque
983 1574 1117 1651 inflexis,
1133 1595 1194 1637 cre·

146 1695 171 1743 ις
194 1671 321 1748 brisque
339 1672 372 1730 in
389 1671 592 1731 latitudinem
607 1672 702 1731 ramis
717 1671 827 1746 enatis,
843 1676 876 1731 et
889 1672 976 1732 rubis
991 1673 1195 1752 sentibusque

194 1767 377 1844 interiectis,
400 1768 567 1828 effecerant
591 1774 627 1827 ut
652 1767 752 1828 instar
773 1767 855 1827 muri
879 1768 938 1828 hae
963 1787 1071 1848 saepes
1095 1770 1192 1829 muni,

193 1871 300 1927 menta
323 1867 516 1944 praeberent,
542 1885 604 1944 quo
631 1885 694 1924 non
722 1867 814 1926 modo
841 1885 905 1926 non
932 1866 1045 1927 intrari
1071 1868 1127 1927 sed
1154 1887 1196 1929 ne

193 1963 328 2042 perspici
354 1963 481 2042 quidem
505 1968 619 2040 posset.
673 1963 736 2022 His
761 1963 853 2022 rebus
878 1981 949 2022 cum
973 1963 1035 2024 iter
1058 1964 1195 2041 agminis

193 2060 293 2121 nostri
308 2060 521 2140 impediretur,
533 2079 597 2119 non
611 2059 820 2120 omittendum
831 2059 892 2120 sibi
903 2060 1070 2120 consilium
1081 2061 1196 2124 Nervii

142 2188 171 2220 20
193 2157 462 2218 existimaverunt.

233 2253 287 2319 18.
316 2254 392 2314 Loci
412 2260 526 2315 natura
547 2260 613 2314 erat
633 2254 719 2330 haec,
735 2274 828 2333 quem
846 2254 949 2315 locum
966 2255 1067 2315 nostri
1080 2255 1197 2318 castris

193 2352 380 2429 delegerant.
423 2351 520 2412 Collis
542 2352 581 2412 ab
602 2370 724 2411 summo
738 2351 912 2429 aequaliter
926 2352 1056 2412 declivis
1078 2354 1119 2414 ad
1138 2352 1197 2413 flu-

191 2468 263 2508 men
281 2447 395 2522 Sabim,
411 2449 495 2525 quod
516 2467 612 2526 supra
631 2448 870 2523 nominavimus,
885 2450 1041 2526 vergebat.
1084 2450 1135 2510 Ab
1155 2469 1197 2510 eo

191 2545 318 2605 flumine
341 2543 410 2623 pari
430 2545 612 2604 adclivitate
634 2545 724 2604 collis
745 2545 933 2605 nascebatur
949 2538 1098 2606 adversus
1118 2546 1197 2608 huic

140 2670 166 2720 25
192 2647 223 2703 et
244 2641 425 2716 contrarius
448 2659 559 2719 passus
581 2641 707 2701 circiter
727 2641 877 2702 ducentos
902 2642 1029 2702 infimus
1054 2650 1195 2722 apertus,

191 2742 230 2802 ab
244 2739 403 2818 superiore
417 2744 508 2818 parte
523 2738 680 2798 silvestris
700 2744 738 2798 ut
759 2758 822 2798 nou
843 2740 936 2800 facile
956 2740 1111 2801 introrsus
1126 2761 1196 2819 per-

190 2835 269 2916 spici
296 2841 410 2916 posset.
454 2836 545 2896 Intra
572 2855 624 2896 eas
653 2836 751 2897 silvas
779 2836 885 2896 hostes
913 2837 946 2896 in
974 2838 1096 2898 occulto
1123 2857 1197 2900 sese

190 2935 409 3010 continebant3
438 2933 471 2992 in
499 2939 607 3012 aperto
635 2934 704 2994 loco
732 2935 901 2994 secundum
930 2934 1047 2994 flumen
1075 2954 1198 3013 paucae

190 3031 341 3092 stationes
370 3031 513 3110 equitum
536 3031 733 3091 videbantur.
776 3031 932 3092 Fluminis
960 3039 1027 3092 erat
1055 3032 1198 3094 altitudo

140 3148 168 3197 30
189 3128 304 3205 pedum
318 3127 443 3188 circiter
457 3129 563 3187 trium.

229 3221 283 3288 19.
312 3224 425 3284 Caesar
436 3225 580 3300 equitatu
595 3225 767 3303 praemisso
781 3225 1030 3301 subsequebatur
1044 3225 1196 3288 omnibus

138 3401 144 3414 ι
189 3319 305 3398 copiis;
333 3320 389 3379 sed
414 3319 494 3378 ratio
515 3321 653 3398 ordoque
674 3320 809 3397 agminis
831 3321 923 3379 aliter
945 3339 977 3379 se
998 3321 1134 3382 habebat
1155 3341 1197 3385 ac
