2692 3675
122 156 163 221 16
439 158 600 223 onsnr's
623 173 756 222 onmrc
778 172 869 222 wan

162 361 292 555 λἰἳῑ
316 358 446 422 Oaesar's
466 360 596 421 coolness
617 360 681 419 cad
701 377 827 436 couroye
848 377 919 418 soce
940 359 988 417 tu
1008 358 1124 434 army?
1190 344 1193 351 ¹

236 473 257 539 5

260 519 270 540 .
292 474 405 536 Caesar
426 474 465 535 ab
486 473 624 533 decimae
648 472 782 549 legionis
804 471 1020 532 cohortotione
1041 472 1082 530 ad
1102 471 1169 531 dex·

142 566 146 578 '
171 578 256 633 trum
270 591 365 632 cornu
379 571 540 649 profectus
557 588 629 630 suos
644 570 749 647 urgori
769 576 802 629 et
823 568 1023 628 duodecimae
1037 568 1171 645 legionis

170 672 329 733 confertos
344 669 461 728 milites
477 667 538 727 sibi
552 668 637 745 ipsos
655 668 696 727 ad
713 674 849 745 pognam
864 685 933 725 esse
948 666 1170 743 impedimento

171 770 259 830 vidit.
302 769 437 839 Quartae
462 765 600 826 cohortis
625 783 734 825 omnes
759 763 957 824 centuriones
982 762 1075 822 occisi
1096 768 1171 822 sunt

135 882 149 931 5
171 875 211 945 et,
230 867 380 945 srguifero
400 864 577 939 interfecto,
601 868 725 939 signum
749 868 799 921 est
825 867 982 921 omissum.
1025 860 1173 937 Reliquo

170 986 239 1025 rum
253 964 429 1025 cohortium
443 981 549 1022 ornnes
571 962 637 1020 fere
659 960 857 1021 centuriones
872 964 928 1018 aut
942 957 1099 1017 vulnerati
1118 964 1172 1017 aut

170 1064 263 1123 occisi
284 1067 366 1138 sunt,
382 1063 415 1121 in
436 1061 485 1121 his
507 1060 685 1139 primipilus
707 1059 743 1117 P.
765 1057 892 1117 Sextius
907 1056 1052 1134 Baculus
1068 1057 1172 1115 fortis-

171 1160 268 1221 simus
280 1160 336 1235 vir,
350 1159 458 1219 multis
470 1158 679 1236 gravibusque
690 1155 873 1215 vulneribus
888 1154 1050 1214 confectus
1062 1160 1098 1213 ut
1110 1153 1170 1213 iarn
1262 1198 1266 1200 r

171 1278 203 1319 se
215 1258 369 1318 sustinere
381 1265 443 1317 non
459 1263 574 1336 posset.
613 1257 673 1316 His
685 1257 777 1316 robus
789 1255 927 1334 reliquos
940 1273 1007 1314 esse
1018 1253 1171 1313 tardiores

122 1383 149 1417 10
170 1356 250 1415 vidit
264 1356 377 1417 Caesar
392 1360 423 1415 et
438 1354 605 1415 nonnollos
622 1354 746 1414 deserto
761 1353 879 1431 proelio
894 1353 1043 1413 excedere
1057 1358 1093 1411 oc
1107 1351 1172 1410 tola

169 1458 286 1529 vitore3
311 1453 418 1512 hostes
441 1458 545 1512 autem
568 1469 670 1531 neque
695 1471 715 1512 a
739 1451 845 1513 fronte
869 1469 909 1511 ex
931 1449 1081 1509 inferiore
1103 1449 1171 1509 loco

170 1550 339 1610 subeuntes
361 1547 572 1610 intermittere
595 1554 628 1610 et
648 1548 689 1609 ab
710 1554 844 1627 utroque
866 1547 966 1608 latere
988 1553 1115 1622 instore,
1139 1552 1172 1606 et

170 1666 235 1707 rem
257 1664 324 1707 esse
345 1646 379 1705 in
400 1651 541 1724 angusto,
557 1665 659 1725 neque
681 1646 781 1706 ullum
802 1665 871 1707 esse
893 1645 1068 1706 subsidium
1088 1644 1172 1723 quod

170 1742 315 1804 submitti
337 1748 451 1821 posset.
460 1760 486 1831 s
501 1745 582 1803 Tum
607 1750 682 1804 voro
707 1750 794 1805 scoto
819 1744 873 1805 oni
900 1743 995 1804 militi
1021 1745 1169 1817 dotract0‚

121 1863 147 1911 15
170 1842 254 1920 quod
276 1841 344 1919 ipse
363 1860 399 1902 eo
421 1842 488 1902 sine
511 1847 599 1904 scoto
616 1848 754 1919 venerat,
775 1843 810 1902 in
831 1849 963 1921 primam
982 1842 1080 1902 aciem
1105 1848 1172 1919 pro

170 1939 272 2014 cessit,
298 1938 596 2018 centurionibusque
620 1940 808 2001 nominotim
833 1940 1010 2019 appellotis‚
1034 1939 1171 2017 reliquos
1243 1972 1247 1976 ·

170 2037 349 2097 cohortatus
361 2037 477 2097 milites
490 2043 578 2113 signa
587 2037 705 2097 inferre
716 2043 747 2098 et
760 2038 936 2116 manipulos
947 2038 1056 2098 laxore
1068 2036 1169 2110 iussit,

171 2153 231 2212 quo
242 2133 368 2194 facilius
380 2134 493 2211 gladiis
505 2135 552 2194 oti
563 2140 701 2212 possent.
743 2135 838 2196 Ooius
850 2136 988 2196 adventu
1002 2154 1057 2213 spe
1071 2134 1172 2194 inlota

170 2230 322 2292 militibus
338 2239 373 2292 oc
388 2232 603 2310 redintegrato
616 2231 722 2294 animo
736 2231 865 2312 paulum
879 2231 1019 2292 hostium
1034 2230 1171 2310 impetus

120 2359 149 2392 ιο
171 2329 314 2388 tardatus
330 2333 415 2476 est!

234 2441 338 2487 urgeo,
348 2441 368 2488 p
397 2440 449 2487 mo,
463 2425 503 2477 24.
682 2430 783 2489 subeo,
798 2429 912 2479 eomodo.

235 2509 514 2570 confermationem,
528 2507 568 2559 23.
682 2513 867 2562 iutermltto:
887 2513 988 2571 desine,
1001 2513 1105 2564 coesto.

235 2593 368 2653 signifer,
381 2592 515 2654 aquilifer.
683 2599 780 2644 insto:
800 2609 890 2658 urgeo,
899 2608 1000 2657 premo,
1013 2594 1054 2644 24.

235 2675 352 2734 omitto,
367 2675 478 2734 dimitte,
492 2674 534 2723 21.
683 2677 819 2736 dotraho,
831 2679 934 2739 rapio.-

234 2758 305 2817 ἴοι-θ,
315 2770 409 2819 paene,
425 2756 462 2805 19.
681 2761 763 2820 laxo,
777 2762 876 2822 aperto.
1109 2735 1160 2796 ’ὅ

235 2841 400 2899 confectus,
413 2839 538 2902 dosesscs‚
552 2837 593 2888 23.
682 2842 780 2892 intere
795 2841 854 2907 (2):
874 2842 918 2902 do,
931 2844 1030 2907 adsero.

235 2925 358 2982 excom,
373 2935 441 2972 ereo.
683 2927 863 2988 redintegro,
875 2941 981 2987 renovo,
995 2925 1035 2977 23.

276 3060 307 3118 A
322 3062 448 3138 rhistlng
461 3080 551 3121 secur.
588 3063 660 3122 Poll
683 3063 829 3139 Romans,
847 3066 915 3140 poll
936 3066 1066 3125 Neruii!
1102 3019 1108 3022 ·

210 3172 267 3238 26.
290 3173 495 3234 Caesareum
517 3175 682 3253 septimam
704 3177 868 3254 legionem,
892 3197 971 3256 quae
993 3179 1082 3238 ioxta
1102 3186 1170 3239 con·

169 3269 302 3345 stiterat,
319 3270 396 3330 item
417 3272 521 3348 urgori
543 3273 581 3332 ab
602 3272 693 3332 hoste
713 3275 853 3350 vidisset,
869 3276 1012 3336 tribunos
1030 3276 1170 3335 militum

177 3369 291 3427 nonuit
316 3373 353 3427 ut
380 3367 533 3448 paulotim
563 3375 630 3429 sose
657 3369 797 3446 legiones
826 3371 1058 3450 coniungerent.
1103 3373 1171 3444 Quo

709 3614 735 3650 A
