<?xml version="1.0" encoding="UTF-8"?>
<!DOCTYPE html PUBLIC "-//W3C//DTD XHTML 1.0 Transitional//EN"
    "http://www.w3.org/TR/xhtml1/DTD/xhtml1-transitional.dtd">
<html xmlns="http://www.w3.org/1999/xhtml" xml:lang="en" lang="en">
 <head>
  <title>
</title>
<meta http-equiv="Content-Type" content="text/html;charset=utf-8" />
  <meta name='ocr-system' content='tesseract 3.04.00' />
  <meta name='ocr-capabilities' content='ocr_page ocr_carea ocr_par ocr_line ocrx_word'/>
</head>
<body>
  <div class='ocr_page' id='page_1' title='image "./gatetocaesarbyw01collgoog_0044.png"; bbox 0 0 2692 3675; ppageno 0'>
   <div class='ocr_carea' id='block_1_1' title="bbox 547 159 882 209">
    <p class='ocr_par' dir='ltr' id='par_1_1' title="bbox 547 159 882 209">
     <span class='ocr_line' id='line_1_1' title="bbox 547 159 882 209; baseline 0.006 -3"><span class='ocrx_word' id='word_1_1' title='bbox 547 159 578 207; x_wconf 82' lang='lat' dir='ltr'><strong>G.</strong></span> <span class='ocrx_word' id='word_1_2' title='bbox 601 160 682 207; x_wconf 79' lang='lat' dir='ltr'><strong>lum</strong></span> <span class='ocrx_word' id='word_1_3' title='bbox 704 159 882 209; x_wconf 74' lang='lat' dir='ltr'>CAESARIS</span> 
     </span>
    </p>
   </div>
   <div class='ocr_carea' id='block_1_2' title="bbox 151 324 1317 1185">
    <p class='ocr_par' dir='ltr' id='par_1_2' title="bbox 151 324 1317 1185">
     <span class='ocr_line' id='line_1_2' title="bbox 237 324 1239 407; baseline 0.005 -24"><span class='ocrx_word' id='word_1_4' title='bbox 237 324 350 401; x_wconf 90' lang='lat' dir='ltr'><strong>perint.</strong></span> <span class='ocrx_word' id='word_1_5' title='bbox 397 325 459 386; x_wconf 89' lang='lat' dir='ltr'><strong>His</strong></span> <span class='ocrx_word' id='word_1_6' title='bbox 482 326 638 387; x_wconf 87' lang='lat' dir='ltr'><strong>mandatis</strong></span> <span class='ocrx_word' id='word_1_7' title='bbox 661 346 732 387; x_wconf 90' lang='lat' dir='ltr'><strong>enm</strong></span> <span class='ocrx_word' id='word_1_8' title='bbox 755 328 794 388; x_wconf 89' lang='lat' dir='ltr'><strong>ab</strong></span> <span class='ocrx_word' id='word_1_9' title='bbox 817 347 850 388; x_wconf 89' lang='lat' dir='ltr'><strong>se</strong></span> <span class='ocrx_word' id='word_1_10' title='bbox 872 328 1016 388; x_wconf 77' lang='lat' dir='ltr'><strong>dimittit.</strong></span> <span class='ocrx_word' id='word_1_11' title='bbox 1065 329 1239 407; x_wconf 84' lang='lat' dir='ltr'><strong>Postquam</strong></span> 
     </span>
     <span class='ocr_line' id='line_1_3' title="bbox 151 420 1240 502; baseline 0.006 -22"><span class='ocrx_word' id='word_1_12' title='bbox 151 420 156 428; x_wconf 83' lang='grc'><strong>’</strong></span> <span class='ocrx_word' id='word_1_13' title='bbox 237 440 344 483; x_wconf 90' lang='lat' dir='ltr'><strong>omnes</strong></span> <span class='ocrx_word' id='word_1_14' title='bbox 369 423 537 499; x_wconf 80' lang='lat' dir='ltr'>Belgarum</span> <span class='ocrx_word' id='word_1_15' title='bbox 560 425 664 502; x_wconf 84' lang='lat' dir='ltr'><strong>copias</strong></span> <span class='ocrx_word' id='word_1_16' title='bbox 691 425 724 483; x_wconf 93' lang='lat' dir='ltr'><strong>in</strong></span> <span class='ocrx_word' id='word_1_17' title='bbox 744 446 843 484; x_wconf 90' lang='lat' dir='ltr'><strong>unum</strong></span> <span class='ocrx_word' id='word_1_18' title='bbox 867 426 970 485; x_wconf 84' lang='lat' dir='ltr'><strong>locum</strong></span> <span class='ocrx_word' id='word_1_19' title='bbox 994 431 1116 486; x_wconf 82' lang='lat' dir='ltr'><strong>ooaotas</strong></span> <span class='ocrx_word' id='word_1_20' title='bbox 1141 427 1182 485; x_wconf 87' lang='lat' dir='ltr'><strong>ad</strong></span> <span class='ocrx_word' id='word_1_21' title='bbox 1207 446 1240 486; x_wconf 90' lang='lat' dir='ltr'><strong>se</strong></span> 
     </span>
     <span class='ocr_line' id='line_1_4' title="bbox 236 520 1240 602; baseline 0.005 -24"><span class='ocrx_word' id='word_1_22' title='bbox 236 520 344 579; x_wconf 86' lang='lat' dir='ltr'><strong>venire</strong></span> <span class='ocrx_word' id='word_1_23' title='bbox 362 520 446 580; x_wconf 86' lang='lat' dir='ltr'><strong>vidit</strong></span> <span class='ocrx_word' id='word_1_24' title='bbox 465 540 565 599; x_wconf 90' lang='lat' dir='ltr'><strong>neque</strong></span> <span class='ocrx_word' id='word_1_25' title='bbox 582 522 645 581; x_wconf 90' lang='lat' dir='ltr'><strong>iam</strong></span> <span class='ocrx_word' id='word_1_26' title='bbox 663 523 756 599; x_wconf 88' lang='lat' dir='ltr'><strong>longe</strong></span> <span class='ocrx_word' id='word_1_27' title='bbox 775 524 884 583; x_wconf 90' lang='lat' dir='ltr'><strong>abesse</strong></span> <span class='ocrx_word' id='word_1_28' title='bbox 902 523 941 583; x_wconf 92' lang='lat' dir='ltr'><strong>ab</strong></span> <span class='ocrx_word' id='word_1_29' title='bbox 960 523 1000 583; x_wconf 88' lang='lat' dir='ltr'><strong>iis</strong></span> <span class='ocrx_word' id='word_1_30' title='bbox 1015 542 1093 602; x_wconf 87' lang='lat' dir='ltr'><strong>quos</strong></span> <span class='ocrx_word' id='word_1_31' title='bbox 1111 523 1240 583; x_wconf 84' lang='lat' dir='ltr'><strong>miserat</strong></span> 
     </span>
     <span class='ocr_line' id='line_1_5' title="bbox 237 618 1238 697; baseline 0.004 -21"><span class='ocrx_word' id='word_1_32' title='bbox 237 618 486 695; x_wconf 79' lang='lat' dir='ltr'><strong>exploratoribus</strong></span> <span class='ocrx_word' id='word_1_33' title='bbox 512 624 545 678; x_wconf 89' lang='lat' dir='ltr'><strong>et</strong></span> <span class='ocrx_word' id='word_1_34' title='bbox 569 619 608 680; x_wconf 89' lang='lat' dir='ltr'><strong>ab</strong></span> <span class='ocrx_word' id='word_1_35' title='bbox 632 620 743 679; x_wconf 83' lang='lat' dir='ltr'><strong>Remis</strong></span> <span class='ocrx_word' id='word_1_36' title='bbox 768 620 924 697; x_wconf 80' lang='lat' dir='ltr'><strong>cognovit,</strong></span> <span class='ocrx_word' id='word_1_37' title='bbox 946 620 1064 679; x_wconf 90' lang='lat' dir='ltr'><strong>flumen</strong></span> <span class='ocrx_word' id='word_1_38' title='bbox 1084 619 1238 695; x_wconf 85' lang='lat' dir='ltr'><strong>Axonam,</strong></span> 
     </span>
     <span class='ocr_line' id='line_1_6' title="bbox 199 716 1241 793; baseline 0.003 -19"><span class='ocrx_word' id='word_1_39' title='bbox 199 741 212 789; x_wconf 74' lang='grc' dir='ltr'><strong>ς</strong></span> <span class='ocrx_word' id='word_1_40' title='bbox 238 716 323 792; x_wconf 92' lang='lat' dir='ltr'><strong>quod</strong></span> <span class='ocrx_word' id='word_1_41' title='bbox 343 720 391 775; x_wconf 82' lang='lat' dir='ltr'><strong>est</strong></span> <span class='ocrx_word' id='word_1_42' title='bbox 413 717 447 775; x_wconf 93' lang='lat' dir='ltr'><strong>in</strong></span> <span class='ocrx_word' id='word_1_43' title='bbox 472 716 622 776; x_wconf 83' lang='lat' dir='ltr'><strong>extremis</strong></span> <span class='ocrx_word' id='word_1_44' title='bbox 646 717 816 776; x_wconf 83' lang='lat' dir='ltr'><strong>Remorum</strong></span> <span class='ocrx_word' id='word_1_45' title='bbox 841 717 965 793; x_wconf 89' lang='lat' dir='ltr'><strong>finibus,</strong></span> <span class='ocrx_word' id='word_1_46' title='bbox 988 716 1162 777; x_wconf 87' lang='lat' dir='ltr'><strong>exereitum</strong></span> <span class='ocrx_word' id='word_1_47' title='bbox 1182 723 1241 777; x_wconf 86' lang='lat' dir='ltr'><strong>tra·</strong></span> 
     </span>
     <span class='ocr_line' id='line_1_7' title="bbox 238 812 1240 892; baseline 0.003 -22"><span class='ocrx_word' id='word_1_48' title='bbox 238 812 349 872; x_wconf 81' lang='lat' dir='ltr'><strong>ducere</strong></span> <span class='ocrx_word' id='word_1_49' title='bbox 370 814 541 874; x_wconf 89' lang='lat' dir='ltr'><strong>maturavit</strong></span> <span class='ocrx_word' id='word_1_50' title='bbox 560 819 655 892; x_wconf 86' lang='lat' dir='ltr'><strong>atque</strong></span> <span class='ocrx_word' id='word_1_51' title='bbox 676 814 722 873; x_wconf 91' lang='lat' dir='ltr'><strong>ibi</strong></span> <span class='ocrx_word' id='word_1_52' title='bbox 743 819 846 874; x_wconf 87' lang='lat' dir='ltr'><strong>eastra</strong></span> <span class='ocrx_word' id='word_1_53' title='bbox 866 814 980 892; x_wconf 87' lang='lat' dir='ltr'><strong>posuit.</strong></span> <span class='ocrx_word' id='word_1_54' title='bbox 1030 814 1115 885; x_wconf 74' lang='lat' dir='ltr'><strong>Quae</strong></span> <span class='ocrx_word' id='word_1_55' title='bbox 1136 832 1187 873; x_wconf 90' lang='lat' dir='ltr'><strong>res</strong></span> <span class='ocrx_word' id='word_1_56' title='bbox 1210 820 1240 873; x_wconf 89' lang='lat' dir='ltr'><strong>et</strong></span> 
     </span>
     <span class='ocr_line' id='line_1_8' title="bbox 234 909 1241 989; baseline 0.004 -22"><span class='ocrx_word' id='word_1_57' title='bbox 234 909 321 969; x_wconf 89' lang='lat' dir='ltr'><strong>latus</strong></span> <span class='ocrx_word' id='word_1_58' title='bbox 341 930 440 970; x_wconf 90' lang='lat' dir='ltr'><strong>unum</strong></span> <span class='ocrx_word' id='word_1_59' title='bbox 460 917 634 972; x_wconf 78' lang='lat' dir='ltr'><strong>castrorum</strong></span> <span class='ocrx_word' id='word_1_60' title='bbox 658 911 737 989; x_wconf 92' lang='lat' dir='ltr'><strong>ripis</strong></span> <span class='ocrx_word' id='word_1_61' title='bbox 759 910 899 971; x_wconf 89' lang='lat' dir='ltr'><strong>fluminis</strong></span> <span class='ocrx_word' id='word_1_62' title='bbox 924 911 1086 971; x_wconf 85' lang='lat' dir='ltr'><strong>muniebat</strong></span> <span class='ocrx_word' id='word_1_63' title='bbox 1110 916 1144 970; x_wconf 88' lang='lat' dir='ltr'><strong>et</strong></span> <span class='ocrx_word' id='word_1_64' title='bbox 1168 916 1241 989; x_wconf 89' lang='lat' dir='ltr'><strong>post</strong></span> 
     </span>
     <span class='ocr_line' id='line_1_9' title="bbox 235 1005 1317 1099; baseline 0.003 -34"><span class='ocrx_word' id='word_1_65' title='bbox 235 1024 309 1065; x_wconf 86' lang='lat' dir='ltr'><strong>eum</strong></span> <span class='ocrx_word' id='word_1_66' title='bbox 323 1026 402 1085; x_wconf 89' lang='lat' dir='ltr'><strong>quae</strong></span> <span class='ocrx_word' id='word_1_67' title='bbox 416 1015 522 1069; x_wconf 87' lang='lat' dir='ltr'><strong>essent</strong></span> <span class='ocrx_word' id='word_1_68' title='bbox 537 1014 608 1069; x_wconf 88' lang='lat' dir='ltr'><strong>tuta</strong></span> <span class='ocrx_word' id='word_1_69' title='bbox 621 1010 660 1099; x_wconf 81' lang='lat' dir='ltr'><strong>ab</strong></span> <span class='ocrx_word' id='word_1_70' title='bbox 670 1005 816 1068; x_wconf 87' lang='lat' dir='ltr'><strong>hostibus</strong></span> <span class='ocrx_word' id='word_1_71' title='bbox 831 1008 989 1087; x_wconf 87' lang='lat' dir='ltr'><strong>reddebat,</strong></span> <span class='ocrx_word' id='word_1_72' title='bbox 1002 1013 1034 1067; x_wconf 91' lang='lat' dir='ltr'><strong>et</strong></span> <span class='ocrx_word' id='word_1_73' title='bbox 1048 1014 1241 1067; x_wconf 80' lang='lat' dir='ltr'><strong>commeatus</strong></span> <span class='ocrx_word' id='word_1_74' title='bbox 1316 1071 1317 1096; x_wconf 21' lang='grc' dir='ltr'>ἶ</span> 
     </span>
     <span class='ocr_line' id='line_1_10' title="bbox 238 1089 1241 1185; baseline 0 -22"><span class='ocrx_word' id='word_1_75' title='bbox 238 1105 278 1164; x_wconf 89' lang='lat' dir='ltr'><strong>ab</strong></span> <span class='ocrx_word' id='word_1_76' title='bbox 295 1106 403 1166; x_wconf 88' lang='lat' dir='ltr'><strong>Remis</strong></span> <span class='ocrx_word' id='word_1_77' title='bbox 418 1106 611 1185; x_wconf 88' lang='lat' dir='ltr'><strong>reliquisque</strong></span> <span class='ocrx_word' id='word_1_78' title='bbox 625 1106 809 1166; x_wconf 75' lang='lat' dir='ltr'><strong>civitatibus</strong></span> <span class='ocrx_word' id='word_1_79' title='bbox 824 1111 862 1165; x_wconf 91' lang='lat' dir='ltr'><strong>ut</strong></span> <span class='ocrx_word' id='word_1_80' title='bbox 876 1089 944 1165; x_wconf 86' lang='lat' dir='ltr'><strong>sine</strong></span> <span class='ocrx_word' id='word_1_81' title='bbox 960 1105 1099 1184; x_wconf 83' lang='lat' dir='ltr'><strong>periculo</strong></span> <span class='ocrx_word' id='word_1_82' title='bbox 1113 1106 1155 1164; x_wconf 85' lang='lat' dir='ltr'><strong>ad</strong></span> <span class='ocrx_word' id='word_1_83' title='bbox 1169 1124 1241 1164; x_wconf 92' lang='lat' dir='ltr'><strong>eum</strong></span> 
     </span>
    </p>
   </div>
   <div class='ocr_carea' id='block_1_3' title="bbox 80 1202 1241 1281">
    <p class='ocr_par' dir='ltr' id='par_1_3' title="bbox 80 1202 1241 1281">
     <span class='ocr_line' id='line_1_11' title="bbox 80 1202 1241 1281; baseline 0.001 -21"><span class='ocrx_word' id='word_1_84' title='bbox 80 1246 84 1255; x_wconf 75' lang='grc'>,</span> <span class='ocrx_word' id='word_1_85' title='bbox 190 1230 216 1261; x_wconf 78' lang='grc' dir='ltr'><strong>ιο</strong></span> <span class='ocrx_word' id='word_1_86' title='bbox 238 1202 356 1280; x_wconf 87' lang='lat' dir='ltr'><strong>portari</strong></span> <span class='ocrx_word' id='word_1_87' title='bbox 374 1209 481 1280; x_wconf 90' lang='lat' dir='ltr'><strong>posset</strong></span> <span class='ocrx_word' id='word_1_88' title='bbox 500 1203 661 1264; x_wconf 88' lang='lat' dir='ltr'><strong>effioiebat.</strong></span> <span class='ocrx_word' id='word_1_89' title='bbox 704 1205 744 1263; x_wconf 90' lang='lat' dir='ltr'><strong>In</strong></span> <span class='ocrx_word' id='word_1_90' title='bbox 763 1223 799 1263; x_wconf 91' lang='lat' dir='ltr'><strong>eo</strong></span> <span class='ocrx_word' id='word_1_91' title='bbox 819 1203 949 1263; x_wconf 89' lang='lat' dir='ltr'><strong>flumine</strong></span> <span class='ocrx_word' id='word_1_92' title='bbox 970 1221 1048 1281; x_wconf 89' lang='lat' dir='ltr'><strong>pons</strong></span> <span class='ocrx_word' id='word_1_93' title='bbox 1069 1208 1147 1265; x_wconf 88' lang='lat' dir='ltr'><strong>erat.</strong></span> <span class='ocrx_word' id='word_1_94' title='bbox 1190 1203 1241 1262; x_wconf 89' lang='lat' dir='ltr'><strong>lbi</strong></span> 
     </span>
    </p>
   </div>
   <div class='ocr_carea' id='block_1_4' title="bbox 187 1299 1318 3435">
    <p class='ocr_par' dir='ltr' id='par_1_4' title="bbox 208 1299 1318 1669">
     <span class='ocr_line' id='line_1_12' title="bbox 208 1299 1318 1388; baseline 0.001 -30"><span class='ocrx_word' id='word_1_95' title='bbox 208 1331 210 1335; x_wconf 94' lang='lat'>·</span> <span class='ocrx_word' id='word_1_96' title='bbox 238 1300 429 1377; x_wconf 78' lang='lat' dir='ltr'><strong>praesidium</strong></span> <span class='ocrx_word' id='word_1_97' title='bbox 448 1301 537 1379; x_wconf 91' lang='lat' dir='ltr'><strong>ponit</strong></span> <span class='ocrx_word' id='word_1_98' title='bbox 555 1307 588 1361; x_wconf 92' lang='lat' dir='ltr'><strong>et</strong></span> <span class='ocrx_word' id='word_1_99' title='bbox 605 1301 639 1361; x_wconf 90' lang='lat' dir='ltr'><strong>in</strong></span> <span class='ocrx_word' id='word_1_100' title='bbox 656 1302 756 1361; x_wconf 81' lang='lat' dir='ltr'><strong>altera</strong></span> <span class='ocrx_word' id='word_1_101' title='bbox 774 1306 863 1379; x_wconf 89' lang='lat' dir='ltr'><strong>parte</strong></span> <span class='ocrx_word' id='word_1_102' title='bbox 877 1299 1017 1359; x_wconf 89' lang='lat' dir='ltr'><strong>fluminis</strong></span> <span class='ocrx_word' id='word_1_103' title='bbox 1030 1300 1065 1371; x_wconf 79' lang='lat' dir='ltr'><strong>Q.</strong></span> <span class='ocrx_word' id='word_1_104' title='bbox 1081 1299 1242 1359; x_wconf 82' lang='lat' dir='ltr'><strong>Titurium</strong></span> <span class='ocrx_word' id='word_1_105' title='bbox 1316 1349 1318 1388; x_wconf 37' lang='grc' dir='ltr'>Ξ</span> 
     </span>
     <span class='ocr_line' id='line_1_13' title="bbox 238 1396 1317 1475; baseline 0.002 -19"><span class='ocrx_word' id='word_1_106' title='bbox 238 1396 389 1457; x_wconf 77' lang='lat' dir='ltr'><strong>Sabinum</strong></span> <span class='ocrx_word' id='word_1_107' title='bbox 402 1398 540 1475; x_wconf 87' lang='lat' dir='ltr'><strong>legatum</strong></span> <span class='ocrx_word' id='word_1_108' title='bbox 560 1418 631 1459; x_wconf 87' lang='lat' dir='ltr'><strong>eum</strong></span> <span class='ocrx_word' id='word_1_109' title='bbox 653 1418 709 1459; x_wconf 89' lang='lat' dir='ltr'><strong>sex</strong></span> <span class='ocrx_word' id='word_1_110' title='bbox 729 1399 910 1459; x_wconf 82' lang='lat' dir='ltr'><strong>cohortibus</strong></span> <span class='ocrx_word' id='word_1_111' title='bbox 931 1397 1092 1475; x_wconf 90' lang='lat' dir='ltr'><strong>relinquit.</strong></span> <span class='ocrx_word' id='word_1_112' title='bbox 1129 1398 1243 1457; x_wconf 83' lang='lat' dir='ltr'><strong>Castra</strong></span> <span class='ocrx_word' id='word_1_113' title='bbox 1316 1409 1317 1422; x_wconf 63' lang='lat'>¹</span> 
     </span>
     <span class='ocr_line' id='line_1_14' title="bbox 238 1494 1243 1581; baseline 0.001 -28"><span class='ocrx_word' id='word_1_114' title='bbox 238 1494 274 1553; x_wconf 63' lang='lat' dir='ltr'><strong>in,</strong></span> <span class='ocrx_word' id='word_1_115' title='bbox 296 1495 496 1554; x_wconf 87' lang='lat' dir='ltr'><strong>altitudinem</strong></span> <span class='ocrx_word' id='word_1_116' title='bbox 523 1497 638 1573; x_wconf 88' lang='lat' dir='ltr'><strong>pedum</strong></span> <span class='ocrx_word' id='word_1_117' title='bbox 666 1515 718 1556; x_wconf 87' lang='lat' dir='ltr'><strong>xn</strong></span> <span class='ocrx_word' id='word_1_118' title='bbox 742 1496 826 1581; x_wconf 69' lang='lat' dir='ltr'><strong>uallo</strong></span> <span class='ocrx_word' id='word_1_119' title='bbox 851 1497 998 1575; x_wconf 86' lang='lat' dir='ltr'><strong>fossaque</strong></span> <span class='ocrx_word' id='word_1_120' title='bbox 1023 1494 1243 1572; x_wconf 83' lang='lat' dir='ltr'><strong>duodeviginti</strong></span> 
     </span>
     <span class='ocr_line' id='line_1_15' title="bbox 238 1580 1239 1669; baseline 0.009 -19"><span class='ocrx_word' id='word_1_121' title='bbox 238 1592 353 1669; x_wconf 87' lang='lat' dir='ltr'><strong>pedum</strong></span> <span class='ocrx_word' id='word_1_122' title='bbox 368 1593 490 1652; x_wconf 91' lang='lat' dir='ltr'><strong>munire</strong></span> <span class='ocrx_word' id='word_1_123' title='bbox 505 1593 600 1653; x_wconf 84' lang='lat' dir='ltr'><strong>iubet.</strong></span> <span class='ocrx_word' id='word_1_124' title='bbox 1236 1580 1239 1583; x_wconf 23' lang='lat'><strong>⁴</strong></span> 
     </span>
    </p>

    <p class='ocr_par' dir='ltr' id='par_1_5' title="bbox 190 1686 1271 2155">
     <span class='ocr_line' id='line_1_16' title="bbox 190 1686 1244 1769; baseline 0.003 -21"><span class='ocrx_word' id='word_1_125' title='bbox 190 1716 214 1764; x_wconf 80' lang='lat'><strong>¹5</strong></span> <span class='ocrx_word' id='word_1_126' title='bbox 278 1688 313 1751; x_wconf 82' lang='grc'><strong>6.</strong></span> <span class='ocrx_word' id='word_1_127' title='bbox 343 1687 394 1748; x_wconf 84' lang='lat' dir='ltr'><strong>Ab</strong></span> <span class='ocrx_word' id='word_1_128' title='bbox 412 1686 462 1749; x_wconf 89' lang='lat' dir='ltr'><strong>his</strong></span> <span class='ocrx_word' id='word_1_129' title='bbox 481 1692 593 1751; x_wconf 86' lang='lat' dir='ltr'><strong>eastris</strong></span> <span class='ocrx_word' id='word_1_130' title='bbox 611 1692 761 1769; x_wconf 90' lang='lat' dir='ltr'><strong>oppidum</strong></span> <span class='ocrx_word' id='word_1_131' title='bbox 784 1693 954 1752; x_wconf 91' lang='lat' dir='ltr'><strong>Remorum</strong></span> <span class='ocrx_word' id='word_1_132' title='bbox 975 1690 1101 1751; x_wconf 91' lang='lat' dir='ltr'><strong>nomine</strong></span> <span class='ocrx_word' id='word_1_133' title='bbox 1121 1691 1244 1751; x_wconf 85' lang='lat' dir='ltr'><strong>Bibrax</strong></span> 
     </span>
     <span class='ocr_line' id='line_1_17' title="bbox 238 1782 1271 1877; baseline 0.006 -31"><span class='ocrx_word' id='word_1_134' title='bbox 238 1786 345 1846; x_wconf 89' lang='lat' dir='ltr'><strong>aberat</strong></span> <span class='ocrx_word' id='word_1_135' title='bbox 359 1782 448 1846; x_wconf 89' lang='lat' dir='ltr'><strong>milia</strong></span> <span class='ocrx_word' id='word_1_136' title='bbox 461 1806 610 1866; x_wconf 84' lang='lat' dir='ltr'><strong>passuum</strong></span> <span class='ocrx_word' id='word_1_137' title='bbox 624 1796 704 1850; x_wconf 79' lang='lat' dir='ltr'><strong>outo,</strong></span> <span class='ocrx_word' id='word_1_138' title='bbox 740 1790 780 1849; x_wconf 93' lang='lat' dir='ltr'><strong>Id</strong></span> <span class='ocrx_word' id='word_1_139' title='bbox 796 1808 835 1863; x_wconf 86' lang='lat' dir='ltr'><strong>ex</strong></span> <span class='ocrx_word' id='word_1_140' title='bbox 854 1790 966 1851; x_wconf 88' lang='lat' dir='ltr'><strong>itinere</strong></span> <span class='ocrx_word' id='word_1_141' title='bbox 986 1810 1099 1868; x_wconf 87' lang='lat' dir='ltr'><strong>magno</strong></span> <span class='ocrx_word' id='word_1_142' title='bbox 1115 1790 1243 1877; x_wconf 83' lang='lat' dir='ltr'><strong>impetu</strong></span> <span class='ocrx_word' id='word_1_143' title='bbox 1268 1804 1271 1806; x_wconf 73' lang='grc'><strong>’</strong></span> 
     </span>
     <span class='ocr_line' id='line_1_18' title="bbox 237 1883 1243 1966; baseline 0.01 -23"><span class='ocrx_word' id='word_1_144' title='bbox 237 1883 353 1960; x_wconf 89' lang='lat' dir='ltr'><strong>Belgae</strong></span> <span class='ocrx_word' id='word_1_145' title='bbox 368 1902 548 1962; x_wconf 85' lang='lat' dir='ltr'><strong>oppugnare</strong></span> <span class='ocrx_word' id='word_1_146' title='bbox 562 1893 740 1965; x_wconf 84' lang='lat' dir='ltr'><strong>coeperunt.</strong></span> <span class='ocrx_word' id='word_1_147' title='bbox 777 1889 879 1966; x_wconf 87' lang='lat' dir='ltr'><strong>Aegre</strong></span> <span class='ocrx_word' id='word_1_148' title='bbox 899 1909 935 1950; x_wconf 92' lang='lat' dir='ltr'><strong>eo</strong></span> <span class='ocrx_word' id='word_1_149' title='bbox 954 1891 1005 1950; x_wconf 94' lang='lat' dir='ltr'><strong>die</strong></span> <span class='ocrx_word' id='word_1_150' title='bbox 1023 1898 1243 1953; x_wconf 87' lang='lat' dir='ltr'><strong>sustentatum</strong></span> 
     </span>
     <span class='ocr_line' id='line_1_19' title="bbox 237 1981 1246 2066; baseline 0.011 -24"><span class='ocrx_word' id='word_1_151' title='bbox 237 1987 295 2042; x_wconf 88' lang='lat' dir='ltr'><strong>est.</strong></span> <span class='ocrx_word' id='word_1_152' title='bbox 342 1981 505 2043; x_wconf 83' lang='lat' dir='ltr'><strong>Gallorum</strong></span> <span class='ocrx_word' id='word_1_153' title='bbox 530 1985 636 2044; x_wconf 89' lang='lat' dir='ltr'><strong>eadem</strong></span> <span class='ocrx_word' id='word_1_154' title='bbox 661 1990 756 2062; x_wconf 86' lang='lat' dir='ltr'><strong>atque</strong></span> <span class='ocrx_word' id='word_1_155' title='bbox 781 1987 948 2064; x_wconf 88' lang='lat' dir='ltr'><strong>Belgarum</strong></span> <span class='ocrx_word' id='word_1_156' title='bbox 972 1990 1167 2066; x_wconf 88' lang='lat' dir='ltr'><strong>oppugnatio</strong></span> <span class='ocrx_word' id='word_1_157' title='bbox 1194 1999 1246 2053; x_wconf 90' lang='lat' dir='ltr'><strong>est</strong></span> 
     </span>
     <span class='ocr_line' id='line_1_20' title="bbox 237 2078 1247 2155; baseline 0.018 -18"><span class='ocrx_word' id='word_1_158' title='bbox 237 2078 322 2142; x_wconf 87' lang='lat' dir='ltr'><strong>haee.</strong></span> <span class='ocrx_word' id='word_1_159' title='bbox 365 2079 430 2140; x_wconf 90' lang='lat' dir='ltr'><strong>Ubi</strong></span> <span class='ocrx_word' id='word_1_160' title='bbox 445 2081 644 2141; x_wconf 87' lang='lat' dir='ltr'><strong>eireumieeta</strong></span> <span class='ocrx_word' id='word_1_161' title='bbox 658 2082 863 2144; x_wconf 89' lang='lat' dir='ltr'><strong>multitudine</strong></span> <span class='ocrx_word' id='word_1_162' title='bbox 881 2085 1044 2146; x_wconf 90' lang='lat' dir='ltr'><strong>hominum</strong></span> <span class='ocrx_word' id='word_1_163' title='bbox 1062 2091 1140 2150; x_wconf 88' lang='lat' dir='ltr'><strong>totis</strong></span> <span class='ocrx_word' id='word_1_164' title='bbox 1155 2113 1247 2155; x_wconf 87' lang='lat' dir='ltr'><strong>moe-</strong></span> 
     </span>
    </p>

    <p class='ocr_par' dir='ltr' id='par_1_6' title="bbox 188 2175 1253 2662">
     <span class='ocr_line' id='line_1_21' title="bbox 188 2175 1247 2267; baseline 0.018 -33"><span class='ocrx_word' id='word_1_165' title='bbox 188 2203 216 2234; x_wconf 87' lang='lat'><strong>20</strong></span> <span class='ocrx_word' id='word_1_166' title='bbox 238 2175 329 2236; x_wconf 90' lang='lat' dir='ltr'><strong>nibus</strong></span> <span class='ocrx_word' id='word_1_167' title='bbox 351 2177 491 2255; x_wconf 89' lang='lat' dir='ltr'><strong>undique</strong></span> <span class='ocrx_word' id='word_1_168' title='bbox 514 2179 549 2237; x_wconf 92' lang='lat' dir='ltr'><strong>in</strong></span> <span class='ocrx_word' id='word_1_169' title='bbox 571 2197 696 2238; x_wconf 89' lang='lat' dir='ltr'><strong>murum</strong></span> <span class='ocrx_word' id='word_1_170' title='bbox 717 2179 838 2258; x_wconf 90' lang='lat' dir='ltr'><strong>lapides</strong></span> <span class='ocrx_word' id='word_1_171' title='bbox 860 2182 920 2243; x_wconf 78' lang='lat' dir='ltr'><strong>isai</strong></span> <span class='ocrx_word' id='word_1_172' title='bbox 941 2188 1044 2266; x_wconf 86' lang='lat' dir='ltr'><strong>eoepti</strong></span> <span class='ocrx_word' id='word_1_173' title='bbox 1065 2197 1150 2267; x_wconf 90' lang='lat' dir='ltr'><strong>sunt,</strong></span> <span class='ocrx_word' id='word_1_174' title='bbox 1177 2213 1247 2254; x_wconf 90' lang='lat' dir='ltr'><strong>mu·</strong></span> 
     </span>
     <span class='ocr_line' id='line_1_22' title="bbox 237 2274 1246 2366; baseline 0.019 -34"><span class='ocrx_word' id='word_1_175' title='bbox 237 2292 352 2350; x_wconf 89' lang='lat' dir='ltr'><strong>rusque</strong></span> <span class='ocrx_word' id='word_1_176' title='bbox 371 2274 588 2335; x_wconf 85' lang='lat' dir='ltr'><strong>defensoribus</strong></span> <span class='ocrx_word' id='word_1_177' title='bbox 608 2277 744 2336; x_wconf 89' lang='lat' dir='ltr'><strong>nudatus</strong></span> <span class='ocrx_word' id='word_1_178' title='bbox 764 2284 822 2352; x_wconf 87' lang='lat' dir='ltr'><strong>est,</strong></span> <span class='ocrx_word' id='word_1_179' title='bbox 842 2283 1002 2344; x_wconf 89' lang='lat' dir='ltr'><strong>testudine</strong></span> <span class='ocrx_word' id='word_1_180' title='bbox 1024 2285 1110 2346; x_wconf 85' lang='lat' dir='ltr'><strong>faeta</strong></span> <span class='ocrx_word' id='word_1_181' title='bbox 1130 2297 1246 2366; x_wconf 86' lang='lat' dir='ltr'><strong>portas</strong></span> 
     </span>
     <span class='ocr_line' id='line_1_23' title="bbox 238 2370 1245 2449; baseline 0.021 -21"><span class='ocrx_word' id='word_1_182' title='bbox 238 2370 409 2430; x_wconf 75' lang='lat' dir='ltr'><strong>succedunt</strong></span> <span class='ocrx_word' id='word_1_183' title='bbox 424 2391 609 2449; x_wconf 89' lang='lat' dir='ltr'><strong>murumque</strong></span> <span class='ocrx_word' id='word_1_184' title='bbox 629 2374 792 2434; x_wconf 88' lang='lat' dir='ltr'><strong>subruunt.</strong></span> <span class='ocrx_word' id='word_1_185' title='bbox 836 2378 924 2448; x_wconf 83' lang='lat' dir='ltr'><strong>Quod</strong></span> <span class='ocrx_word' id='word_1_186' title='bbox 941 2387 1010 2441; x_wconf 90' lang='lat' dir='ltr'><strong>tum</strong></span> <span class='ocrx_word' id='word_1_187' title='bbox 1024 2385 1117 2444; x_wconf 89' lang='lat' dir='ltr'><strong>faeile</strong></span> <span class='ocrx_word' id='word_1_188' title='bbox 1133 2387 1245 2448; x_wconf 87' lang='lat' dir='ltr'><strong>fiebat.</strong></span> 
     </span>
     <span class='ocr_line' id='line_1_24' title="bbox 237 2467 1253 2561; baseline 0.018 -36"><span class='ocrx_word' id='word_1_189' title='bbox 237 2467 405 2527; x_wconf 85' lang='lat' dir='ltr'><strong>Nemeum</strong></span> <span class='ocrx_word' id='word_1_190' title='bbox 425 2472 515 2527; x_wconf 89' lang='lat' dir='ltr'><strong>tanta</strong></span> <span class='ocrx_word' id='word_1_191' title='bbox 533 2470 704 2531; x_wconf 84' lang='lat' dir='ltr'><strong>multitudo</strong></span> <span class='ocrx_word' id='word_1_192' title='bbox 722 2475 844 2553; x_wconf 90' lang='lat' dir='ltr'><strong>lapides</strong></span> <span class='ocrx_word' id='word_1_193' title='bbox 864 2499 899 2540; x_wconf 82' lang='lat' dir='ltr'><strong>ae</strong></span> <span class='ocrx_word' id='word_1_194' title='bbox 918 2482 983 2541; x_wconf 85' lang='lat' dir='ltr'><strong>tela</strong></span> <span class='ocrx_word' id='word_1_195' title='bbox 1002 2483 1193 2561; x_wconf 67' lang='lat' dir='ltr'><strong>emitterent,</strong></span> <span class='ocrx_word' id='word_1_196' title='bbox 1211 2489 1253 2548; x_wconf 81' lang='lat' dir='ltr'><strong>in.</strong></span> 
     </span>
     <span class='ocr_line' id='line_1_25' title="bbox 237 2563 1252 2662; baseline 0.023 -39"><span class='ocrx_word' id='word_1_197' title='bbox 237 2584 325 2624; x_wconf 91' lang='lat' dir='ltr'><strong>muro</strong></span> <span class='ocrx_word' id='word_1_198' title='bbox 340 2563 532 2624; x_wconf 83' lang='lat' dir='ltr'><strong>consistendi</strong></span> <span class='ocrx_word' id='word_1_199' title='bbox 549 2574 688 2644; x_wconf 88' lang='lat' dir='ltr'><strong>potestas</strong></span> <span class='ocrx_word' id='word_1_200' title='bbox 704 2580 771 2633; x_wconf 89' lang='lat' dir='ltr'><strong>erat</strong></span> <span class='ocrx_word' id='word_1_201' title='bbox 785 2577 875 2635; x_wconf 91' lang='lat' dir='ltr'><strong>nulli.</strong></span> <span class='ocrx_word' id='word_1_202' title='bbox 911 2579 989 2639; x_wconf 81' lang='lat' dir='ltr'><strong>Cum</strong></span> <span class='ocrx_word' id='word_1_203' title='bbox 1009 2579 1100 2640; x_wconf 87' lang='lat' dir='ltr'><strong>finem</strong></span> <span class='ocrx_word' id='word_1_204' title='bbox 1123 2601 1252 2662; x_wconf 91' lang='lat' dir='ltr'><strong>oppug-</strong></span> 
     </span>
    </p>

    <p class='ocr_par' dir='ltr' id='par_1_7' title="bbox 187 2661 1317 3132">
     <span class='ocr_line' id='line_1_26' title="bbox 187 2661 1253 2749; baseline 0.021 -30"><span class='ocrx_word' id='word_1_205' title='bbox 187 2689 212 2735; x_wconf 82' lang='lat'><strong>25</strong></span> <span class='ocrx_word' id='word_1_206' title='bbox 237 2661 332 2721; x_wconf 89' lang='lat' dir='ltr'><strong>nandi</strong></span> <span class='ocrx_word' id='word_1_207' title='bbox 354 2680 416 2721; x_wconf 88' lang='lat' dir='ltr'><strong>nox</strong></span> <span class='ocrx_word' id='word_1_208' title='bbox 437 2661 573 2738; x_wconf 76' lang='lat' dir='ltr'><strong>fecisset,</strong></span> <span class='ocrx_word' id='word_1_209' title='bbox 595 2666 697 2729; x_wconf 82' lang='lat' dir='ltr'><strong>locius</strong></span> <span class='ocrx_word' id='word_1_210' title='bbox 720 2673 846 2749; x_wconf 87' lang='lat' dir='ltr'><strong>Remus,</strong></span> <span class='ocrx_word' id='word_1_211' title='bbox 870 2694 992 2736; x_wconf 88' lang='lat' dir='ltr'><strong>summa</strong></span> <span class='ocrx_word' id='word_1_212' title='bbox 1015 2676 1187 2740; x_wconf 87' lang='lat' dir='ltr'><strong>nbbilitate</strong></span> <span class='ocrx_word' id='word_1_213' title='bbox 1216 2689 1253 2742; x_wconf 88' lang='lat' dir='ltr'><strong>et</strong></span> 
     </span>
     <span class='ocr_line' id='line_1_27' title="bbox 237 2758 1317 2849; baseline 0.023 -33"><span class='ocrx_word' id='word_1_214' title='bbox 237 2759 338 2835; x_wconf 86' lang='lat' dir='ltr'><strong>gratia</strong></span> <span class='ocrx_word' id='word_1_215' title='bbox 351 2758 434 2818; x_wconf 90' lang='lat' dir='ltr'><strong>inter</strong></span> <span class='ocrx_word' id='word_1_216' title='bbox 448 2777 529 2835; x_wconf 75' lang='lat' dir='ltr'><strong>suoS,</strong></span> <span class='ocrx_word' id='word_1_217' title='bbox 546 2763 600 2839; x_wconf 91' lang='lat' dir='ltr'><strong>qui</strong></span> <span class='ocrx_word' id='word_1_218' title='bbox 617 2771 686 2824; x_wconf 86' lang='lat' dir='ltr'><strong>turn</strong></span> <span class='ocrx_word' id='word_1_219' title='bbox 704 2770 818 2846; x_wconf 92' lang='lat' dir='ltr'><strong>oppido</strong></span> <span class='ocrx_word' id='word_1_220' title='bbox 837 2773 1026 2849; x_wconf 87' lang='lat' dir='ltr'><strong>praefuerat,</strong></span> <span class='ocrx_word' id='word_1_221' title='bbox 1041 2794 1124 2834; x_wconf 89' lang='lat' dir='ltr'><strong>unus</strong></span> <span class='ocrx_word' id='word_1_222' title='bbox 1143 2795 1186 2836; x_wconf 87' lang='lat' dir='ltr'><strong>ex</strong></span> <span class='ocrx_word' id='word_1_223' title='bbox 1206 2779 1252 2840; x_wconf 90' lang='lat' dir='ltr'><strong>iis</strong></span> <span class='ocrx_word' id='word_1_224' title='bbox 1316 2816 1317 2829; x_wconf 47' lang='grc' dir='ltr'>ι</span> 
     </span>
     <span class='ocr_line' id='line_1_28' title="bbox 237 2855 1252 2944; baseline 0.023 -31"><span class='ocrx_word' id='word_1_225' title='bbox 237 2855 291 2934; x_wconf 90' lang='lat' dir='ltr'><strong>qui</strong></span> <span class='ocrx_word' id='word_1_226' title='bbox 313 2856 410 2932; x_wconf 87' lang='lat' dir='ltr'><strong>legati</strong></span> <span class='ocrx_word' id='word_1_227' title='bbox 433 2857 471 2916; x_wconf 88' lang='lat' dir='ltr'><strong>de</strong></span> <span class='ocrx_word' id='word_1_228' title='bbox 496 2879 571 2938; x_wconf 87' lang='lat' dir='ltr'><strong>paee</strong></span> <span class='ocrx_word' id='word_1_229' title='bbox 595 2864 634 2922; x_wconf 90' lang='lat' dir='ltr'><strong>ad</strong></span> <span class='ocrx_word' id='word_1_230' title='bbox 657 2864 821 2926; x_wconf 81' lang='lat' dir='ltr'><strong>Caesarem</strong></span> <span class='ocrx_word' id='word_1_231' title='bbox 844 2877 1003 2944; x_wconf 88' lang='lat' dir='ltr'><strong>venerant,</strong></span> <span class='ocrx_word' id='word_1_232' title='bbox 1026 2872 1177 2932; x_wconf 89' lang='lat' dir='ltr'><strong>nuntium</strong></span> <span class='ocrx_word' id='word_1_233' title='bbox 1207 2877 1252 2936; x_wconf 89' lang='lat' dir='ltr'><strong>ad</strong></span> 
     </span>
     <span class='ocr_line' id='line_1_29' title="bbox 237 2953 1252 3042; baseline 0.02 -30"><span class='ocrx_word' id='word_1_234' title='bbox 237 2972 307 3012; x_wconf 92' lang='lat' dir='ltr'><strong>eum</strong></span> <span class='ocrx_word' id='word_1_235' title='bbox 322 2953 438 3014; x_wconf 85' lang='lat' dir='ltr'><strong>mittit:</strong></span> <span class='ocrx_word' id='word_1_236' title='bbox 460 2957 522 3017; x_wconf 90' lang='lat' dir='ltr'><strong>nisi</strong></span> <span class='ocrx_word' id='word_1_237' title='bbox 538 2960 713 3034; x_wconf 87' lang='lat' dir='ltr'><strong>subsidium</strong></span> <span class='ocrx_word' id='word_1_238' title='bbox 728 2963 788 3022; x_wconf 89' lang='lat' dir='ltr'><strong>sibi</strong></span> <span class='ocrx_word' id='word_1_239' title='bbox 804 2965 1018 3042; x_wconf 89' lang='lat' dir='ltr'><strong>submittatur,</strong></span> <span class='ocrx_word' id='word_1_240' title='bbox 1034 2987 1101 3028; x_wconf 91' lang='lat' dir='ltr'><strong>sese</strong></span> <span class='ocrx_word' id='word_1_241' title='bbox 1116 2970 1252 3032; x_wconf 87' lang='lat' dir='ltr'><strong>diutius</strong></span> 
     </span>
     <span class='ocr_line' id='line_1_30' title="bbox 236 3050 583 3132; baseline 0.014 -22"><span class='ocrx_word' id='word_1_242' title='bbox 236 3050 391 3110; x_wconf 88' lang='lat' dir='ltr'><strong>sustinere</strong></span> <span class='ocrx_word' id='word_1_243' title='bbox 405 3073 469 3112; x_wconf 89' lang='lat' dir='ltr'><strong>non</strong></span> <span class='ocrx_word' id='word_1_244' title='bbox 482 3075 583 3132; x_wconf 90' lang='lat' dir='ltr'><strong>posse.</strong></span> 
     </span>
    </p>

    <p class='ocr_par' dir='ltr' id='par_1_8' title="bbox 189 3146 1257 3435">
     <span class='ocr_line' id='line_1_31' title="bbox 189 3146 1252 3246; baseline 0.019 -38"><span class='ocrx_word' id='word_1_245' title='bbox 189 3173 224 3220; x_wconf 64' lang='lat'><strong>30„</strong></span> <span class='ocrx_word' id='word_1_246' title='bbox 279 3146 311 3210; x_wconf 75' lang='lat'><strong>7.</strong></span> <span class='ocrx_word' id='word_1_247' title='bbox 339 3149 387 3207; x_wconf 83' lang='lat' dir='ltr'><strong>Bo</strong></span> <span class='ocrx_word' id='word_1_248' title='bbox 407 3150 445 3209; x_wconf 92' lang='lat' dir='ltr'><strong>de</strong></span> <span class='ocrx_word' id='word_1_249' title='bbox 462 3151 565 3210; x_wconf 89' lang='lat' dir='ltr'><strong>media</strong></span> <span class='ocrx_word' id='word_1_250' title='bbox 582 3159 671 3212; x_wconf 89' lang='lat' dir='ltr'><strong>noete</strong></span> <span class='ocrx_word' id='word_1_251' title='bbox 690 3154 804 3214; x_wconf 81' lang='lat' dir='ltr'><strong>Caesar</strong></span> <span class='ocrx_word' id='word_1_252' title='bbox 818 3157 918 3217; x_wconf 88' lang='lat' dir='ltr'><strong>isdem</strong></span> <span class='ocrx_word' id='word_1_253' title='bbox 937 3161 1069 3222; x_wconf 88' lang='lat' dir='ltr'><strong>dueibus</strong></span> <span class='ocrx_word' id='word_1_254' title='bbox 1085 3182 1164 3224; x_wconf 90' lang='lat' dir='ltr'><strong>usus</strong></span> <span class='ocrx_word' id='word_1_255' title='bbox 1189 3167 1252 3246; x_wconf 91' lang='lat' dir='ltr'><strong>qui</strong></span> 
     </span>
     <span class='ocr_line' id='line_1_32' title="bbox 237 3243 1255 3336; baseline 0.026 -37"><span class='ocrx_word' id='word_1_256' title='bbox 237 3243 342 3301; x_wconf 92' lang='lat' dir='ltr'><strong>nuntii</strong></span> <span class='ocrx_word' id='word_1_257' title='bbox 362 3245 400 3303; x_wconf 92' lang='lat' dir='ltr'><strong>ab</strong></span> <span class='ocrx_word' id='word_1_258' title='bbox 419 3245 503 3304; x_wconf 87' lang='lat' dir='ltr'><strong>Ieeio</strong></span> <span class='ocrx_word' id='word_1_259' title='bbox 523 3254 682 3321; x_wconf 86' lang='lat' dir='ltr'><strong>venerant,</strong></span> <span class='ocrx_word' id='word_1_260' title='bbox 700 3250 855 3312; x_wconf 87' lang='lat' dir='ltr'><strong>Numidas</strong></span> <span class='ocrx_word' id='word_1_261' title='bbox 875 3260 906 3314; x_wconf 90' lang='lat' dir='ltr'><strong>et</strong></span> <span class='ocrx_word' id='word_1_262' title='bbox 926 3257 1034 3318; x_wconf 81' lang='lat' dir='ltr'><strong>Cretas</strong></span> <span class='ocrx_word' id='word_1_263' title='bbox 1057 3259 1255 3336; x_wconf 86' lang='lat' dir='ltr'><strong>sagittarios</strong></span> 
     </span>
     <span class='ocr_line' id='line_1_33' title="bbox 239 3339 1257 3435; baseline 0.027 -40"><span class='ocrx_word' id='word_1_264' title='bbox 239 3342 271 3396; x_wconf 89' lang='lat' dir='ltr'><strong>et</strong></span> <span class='ocrx_word' id='word_1_265' title='bbox 285 3339 461 3399; x_wconf 87' lang='lat' dir='ltr'><strong>funditores</strong></span> <span class='ocrx_word' id='word_1_266' title='bbox 477 3340 623 3401; x_wconf 89' lang='lat' dir='ltr'><strong>Baleares</strong></span> <span class='ocrx_word' id='word_1_267' title='bbox 639 3344 778 3404; x_wconf 91' lang='lat' dir='ltr'><strong>subsidio</strong></span> <span class='ocrx_word' id='word_1_268' title='bbox 788 3349 953 3425; x_wconf 90' lang='lat' dir='ltr'><strong>oppidanis</strong></span> <span class='ocrx_word' id='word_1_269' title='bbox 967 3354 1084 3432; x_wconf 87' lang='lat' dir='ltr'><strong>mittit;</strong></span> <span class='ocrx_word' id='word_1_270' title='bbox 1105 3377 1257 3435; x_wconf 90' lang='lat' dir='ltr'><strong>quorum</strong></span> 
     </span>
    </p>
   </div>
   <div class='ocr_carea' id='block_1_5' title="bbox 0 0 1358 3675">
    <p class='ocr_par' dir='ltr' id='par_1_9' title="bbox 0 0 1358 3675">
     <span class='ocr_line' id='line_1_34' title="bbox 0 0 1358 3675; baseline 0 0"><span class='ocrx_word' id='word_1_271' title='bbox 0 0 1358 3675; x_wconf 95' lang='lat' dir='ltr'><strong> </strong></span> 
     </span>
    </p>
   </div>
  </div>
 </body>
</html>
