<?xml version="1.0" encoding="UTF-8"?>
<!DOCTYPE html PUBLIC "-//W3C//DTD XHTML 1.0 Transitional//EN"
    "http://www.w3.org/TR/xhtml1/DTD/xhtml1-transitional.dtd">
<html xmlns="http://www.w3.org/1999/xhtml" xml:lang="en" lang="en">
 <head>
  <title>
</title>
<meta http-equiv="Content-Type" content="text/html;charset=utf-8" />
  <meta name='ocr-system' content='tesseract 3.04.00' />
  <meta name='ocr-capabilities' content='ocr_page ocr_carea ocr_par ocr_line ocrx_word'/>
</head>
<body>
  <div class='ocr_page' id='page_1' title='image "./gatetocaesarbyw01collgoog_0039.png"; bbox 0 0 2692 3675; ppageno 0'>
   <div class='ocr_carea' id='block_1_1' title="bbox 578 144 738 193">
    <p class='ocr_par' dir='ltr' id='par_1_1' title="bbox 578 144 738 193">
     <span class='ocr_line' id='line_1_1' title="bbox 578 144 738 193; baseline -0.006 0"><span class='ocrx_word' id='word_1_1' title='bbox 578 144 678 193; x_wconf 88' lang='lat' dir='ltr'>BOOK</span> <span class='ocrx_word' id='word_1_2' title='bbox 698 144 738 192; x_wconf 89' lang='lat'>11.</span> 
     </span>
    </p>
   </div>
   <div class='ocr_carea' id='block_1_2' title="bbox 221 348 1034 425">
    <p class='ocr_par' dir='ltr' id='par_1_2' title="bbox 221 348 1034 425">
     <span class='ocr_line' id='line_1_2' title="bbox 221 348 1034 425; baseline -0.006 -15"><span class='ocrx_word' id='word_1_3' title='bbox 221 350 252 410; x_wconf 82' lang='lat' dir='ltr'><strong><em>A</em></strong></span> <span class='ocrx_word' id='word_1_4' title='bbox 273 352 363 410; x_wconf 82' lang='lat' dir='ltr'>broce</span> <span class='ocrx_word' id='word_1_5' title='bbox 383 350 460 410; x_wconf 77' lang='grc'><strong>111161</strong></span> <span class='ocrx_word' id='word_1_6' title='bbox 473 352 530 425; x_wconf 84' lang='lat' dir='ltr'>sor</span> <span class='ocrx_word' id='word_1_7' title='bbox 543 350 692 424; x_wconf 81' lang='lat' dir='ltr'>freedom,</span> <span class='ocrx_word' id='word_1_8' title='bbox 715 350 766 406; x_wconf 78' lang='lat' dir='ltr'>but</span> <span class='ocrx_word' id='word_1_9' title='bbox 786 365 807 405; x_wconf 88' lang='lat' dir='ltr'>o</span> <span class='ocrx_word' id='word_1_10' title='bbox 827 348 944 406; x_wconf 76' lang='lat' dir='ltr'>terrible</span> <span class='ocrx_word' id='word_1_11' title='bbox 958 348 1034 422; x_wconf 80' lang='lat' dir='ltr'>sote.</span> 
     </span>
    </p>
   </div>
   <div class='ocr_carea' id='block_1_3' title="bbox 129 434 1181 2369">
    <p class='ocr_par' dir='ltr' id='par_1_3' title="bbox 129 434 1181 2102">
     <span class='ocr_line' id='line_1_3' title="bbox 164 434 1131 570; baseline -0.009 -34"><span class='ocrx_word' id='word_1_12' title='bbox 164 472 228 570; x_wconf 58' lang='lat'>333.</span> <span class='ocrx_word' id='word_1_13' title='bbox 252 472 316 532; x_wconf 84' lang='lat' dir='ltr'>Sub</span> <span class='ocrx_word' id='word_1_14' title='bbox 330 434 495 549; x_wconf 68' lang='lat' dir='ltr'>veiperum</span> <span class='ocrx_word' id='word_1_15' title='bbox 514 471 629 530; x_wconf 83' lang='lat' dir='ltr'>Caesar</span> <span class='ocrx_word' id='word_1_16' title='bbox 643 475 751 548; x_wconf 81' lang='lat' dir='ltr'>portas</span> <span class='ocrx_word' id='word_1_17' title='bbox 770 467 875 529; x_wconf 84' lang='lat' dir='ltr'>claudi</span> <span class='ocrx_word' id='word_1_18' title='bbox 892 467 1071 546; x_wconf 81' lang='lat' dir='ltr'>militesque</span> <span class='ocrx_word' id='word_1_19' title='bbox 1091 487 1131 530; x_wconf 88' lang='lat' dir='ltr'>ex</span> 
     </span>
     <span class='ocr_line' id='line_1_4' title="bbox 130 565 1130 649; baseline -0.005 -19"><span class='ocrx_word' id='word_1_20' title='bbox 130 570 245 649; x_wconf 90' lang='lat' dir='ltr'>oppido</span> <span class='ocrx_word' id='word_1_21' title='bbox 272 574 356 629; x_wconf 87' lang='lat' dir='ltr'>exire</span> <span class='ocrx_word' id='word_1_22' title='bbox 376 568 484 649; x_wconf 73' lang='lat' dir='ltr'>jussit.</span> <span class='ocrx_word' id='word_1_23' title='bbox 509 566 701 645; x_wconf 60' lang='lat' dir='ltr'>Oppidani</span> <span class='ocrx_word' id='word_1_24' title='bbox 717 566 849 627; x_wconf 79' lang='lat' dir='ltr'>consilio</span> <span class='ocrx_word' id='word_1_25' title='bbox 877 570 951 626; x_wconf 83' lang='lat' dir='ltr'>ante</span> <span class='ocrx_word' id='word_1_26' title='bbox 979 565 1068 641; x_wconf 90' lang='lat' dir='ltr'>inito,</span> <span class='ocrx_word' id='word_1_27' title='bbox 1093 571 1130 625; x_wconf 92' lang='lat' dir='ltr'>ut</span> 
     </span>
     <span class='ocr_line' id='line_1_5' title="bbox 129 662 1132 743; baseline -0.003 -17"><span class='ocrx_word' id='word_1_28' title='bbox 129 667 326 727; x_wconf 77' lang='lat' dir='ltr'>intellectum</span> <span class='ocrx_word' id='word_1_29' title='bbox 350 672 407 741; x_wconf 91' lang='lat' dir='ltr'>est,</span> <span class='ocrx_word' id='word_1_30' title='bbox 431 666 515 743; x_wconf 90' lang='lat' dir='ltr'>quod</span> <span class='ocrx_word' id='word_1_31' title='bbox 538 664 699 726; x_wconf 75' lang='lat' dir='ltr'>deditione</span> <span class='ocrx_word' id='word_1_32' title='bbox 724 663 809 723; x_wconf 86' lang='lat' dir='ltr'>fecta</span> <span class='ocrx_word' id='word_1_33' title='bbox 828 667 953 723; x_wconf 89' lang='lat' dir='ltr'>nostros</span> <span class='ocrx_word' id='word_1_34' title='bbox 974 662 1132 742; x_wconf 81' lang='lat' dir='ltr'>praesidia</span> 
     </span>
     <span class='ocr_line' id='line_1_6' title="bbox 130 759 1133 841; baseline -0.004 -18"><span class='ocrx_word' id='word_1_35' title='bbox 130 764 316 823; x_wconf 78' lang='lat' dir='ltr'>deducturos</span> <span class='ocrx_word' id='word_1_36' title='bbox 337 768 392 823; x_wconf 84' lang='lat' dir='ltr'>aut</span> <span class='ocrx_word' id='word_1_37' title='bbox 413 762 548 841; x_wconf 82' lang='lat' dir='ltr'>denique</span> <span class='ocrx_word' id='word_1_38' title='bbox 567 760 786 839; x_wconf 79' lang='lat' dir='ltr'>indiligentius</span> <span class='ocrx_word' id='word_1_39' title='bbox 802 765 981 821; x_wconf 75' lang='lat' dir='ltr'>servituros</span> <span class='ocrx_word' id='word_1_40' title='bbox 996 759 1133 820; x_wconf 74' lang='lat' dir='ltr'>credide-</span> 
     </span>
     <span class='ocr_line' id='line_1_7' title="bbox 129 857 1167 937; baseline -0.001 -17"><span class='ocrx_word' id='word_1_41' title='bbox 129 868 210 933; x_wconf 88' lang='lat' dir='ltr'>rant,</span> <span class='ocrx_word' id='word_1_42' title='bbox 226 860 322 919; x_wconf 83' lang='lat' dir='ltr'>tertie</span> <span class='ocrx_word' id='word_1_43' title='bbox 336 859 453 936; x_wconf 79' lang='lat' dir='ltr'>vigilie,</span> <span class='ocrx_word' id='word_1_44' title='bbox 470 878 532 937; x_wconf 80' lang='lat' dir='ltr'>quo</span> <span class='ocrx_word' id='word_1_45' title='bbox 546 858 676 919; x_wconf 88' lang='lat' dir='ltr'>minime</span> <span class='ocrx_word' id='word_1_46' title='bbox 691 858 806 917; x_wconf 85' lang='lat' dir='ltr'>arduus</span> <span class='ocrx_word' id='word_1_47' title='bbox 828 857 869 917; x_wconf 85' lang='lat' dir='ltr'>ad</span> <span class='ocrx_word' id='word_1_48' title='bbox 888 862 1012 918; x_wconf 84' lang='lat' dir='ltr'>nostras</span> <span class='ocrx_word' id='word_1_49' title='bbox 1034 862 1131 917; x_wconf 79' lang='lat' dir='ltr'>muni·</span> <span class='ocrx_word' id='word_1_50' title='bbox 1152 872 1167 919; x_wconf 82' lang='lat'>5</span> 
     </span>
     <span class='ocr_line' id='line_1_8' title="bbox 129 954 1131 1033; baseline -0.005 -16"><span class='ocrx_word' id='word_1_51' title='bbox 129 958 232 1017; x_wconf 79' lang='lat' dir='ltr'>tiones</span> <span class='ocrx_word' id='word_1_52' title='bbox 254 962 399 1017; x_wconf 79' lang='lat' dir='ltr'>ascensus</span> <span class='ocrx_word' id='word_1_53' title='bbox 421 956 596 1031; x_wconf 72' lang='lat' dir='ltr'>videbitur,</span> <span class='ocrx_word' id='word_1_54' title='bbox 618 955 763 1016; x_wconf 89' lang='lat' dir='ltr'>omnibus</span> <span class='ocrx_word' id='word_1_55' title='bbox 784 954 883 1033; x_wconf 80' lang='lat' dir='ltr'>copiis</span> <span class='ocrx_word' id='word_1_56' title='bbox 904 960 1068 1033; x_wconf 88' lang='lat' dir='ltr'>repentino</span> <span class='ocrx_word' id='word_1_57' title='bbox 1091 972 1131 1013; x_wconf 86' lang='lat' dir='ltr'>ex</span> 
     </span>
     <span class='ocr_line' id='line_1_9' title="bbox 129 1026 1131 1131; baseline -0.002 -18"><span class='ocrx_word' id='word_1_58' title='bbox 129 1054 246 1131; x_wconf 85' lang='lat' dir='ltr'>o&#39;ppido</span> <span class='ocrx_word' id='word_1_59' title='bbox 267 1054 464 1131; x_wconf 75' lang='lat' dir='ltr'>eruptionem</span> <span class='ocrx_word' id='word_1_60' title='bbox 486 1026 637 1113; x_wconf 77' lang='lat' dir='ltr'>feceiunt.</span> <span class='ocrx_word' id='word_1_61' title='bbox 681 1052 842 1127; x_wconf 79' lang='lat' dir='ltr'>Celeriter,</span> <span class='ocrx_word' id='word_1_62' title='bbox 863 1057 900 1112; x_wconf 91' lang='lat' dir='ltr'>ut</span> <span class='ocrx_word' id='word_1_63' title='bbox 921 1056 995 1111; x_wconf 87' lang='grc'><strong>61116</strong></span> <span class='ocrx_word' id='word_1_64' title='bbox 1016 1052 1131 1113; x_wconf 78' lang='lat' dir='ltr'>Caesar</span> 
     </span>
     <span class='ocr_line' id='line_1_10' title="bbox 130 1148 1132 1228; baseline -0.001 -19"><span class='ocrx_word' id='word_1_65' title='bbox 130 1152 308 1228; x_wconf 62' lang='lat' dir='ltr'>impertiret,</span> <span class='ocrx_word' id='word_1_66' title='bbox 332 1150 456 1227; x_wconf 86' lang='lat' dir='ltr'>ignibus</span> <span class='ocrx_word' id='word_1_67' title='bbox 483 1148 711 1227; x_wconf 63' lang='lat' dir='ltr'>significatione</span> <span class='ocrx_word' id='word_1_68' title='bbox 736 1149 823 1209; x_wconf 85' lang='grc'><strong>16616</strong></span> <span class='ocrx_word' id='word_1_69' title='bbox 846 1168 887 1209; x_wconf 88' lang='lat' dir='ltr'>ex</span> <span class='ocrx_word' id='word_1_70' title='bbox 910 1148 1063 1227; x_wconf 84' lang='lat' dir='ltr'>proximis</span> <span class='ocrx_word' id='word_1_71' title='bbox 1085 1167 1132 1208; x_wconf 72' lang='lat' dir='ltr'>ce</span> 
     </span>
     <span class='ocr_line' id='line_1_11' title="bbox 130 1244 1132 1332; baseline 0 -26"><span class='ocrx_word' id='word_1_72' title='bbox 130 1248 232 1307; x_wconf 87' lang='lat' dir='ltr'>stellis</span> <span class='ocrx_word' id='word_1_73' title='bbox 258 1265 294 1307; x_wconf 92' lang='lat' dir='ltr'>eo</span> <span class='ocrx_word' id='word_1_74' title='bbox 316 1265 500 1307; x_wconf 85' lang='lat' dir='ltr'>concursum</span> <span class='ocrx_word' id='word_1_75' title='bbox 521 1252 578 1308; x_wconf 89' lang='lat' dir='ltr'>est.</span> <span class='ocrx_word' id='word_1_76' title='bbox 593 1246 673 1332; x_wconf 61' lang='lat' dir='ltr'>tibi</span> <span class='ocrx_word' id='word_1_77' title='bbox 694 1251 868 1324; x_wconf 71' lang='lat' dir='ltr'>pugnetum</span> <span class='ocrx_word' id='word_1_78' title='bbox 886 1252 936 1306; x_wconf 88' lang='lat' dir='ltr'>est</span> <span class='ocrx_word' id='word_1_79' title='bbox 957 1244 1072 1305; x_wconf 57' lang='lat' dir='ltr'>acriter</span> <span class='ocrx_word' id='word_1_80' title='bbox 1092 1246 1132 1306; x_wconf 87' lang='lat' dir='ltr'>eb</span> 
     </span>
     <span class='ocr_line' id='line_1_12' title="bbox 129 1343 1181 1422; baseline 0 -19"><span class='ocrx_word' id='word_1_81' title='bbox 129 1345 274 1405; x_wconf 77' lang='lat' dir='ltr'>hostibus</span> <span class='ocrx_word' id='word_1_82' title='bbox 297 1344 331 1403; x_wconf 93' lang='lat' dir='ltr'>in</span> <span class='ocrx_word' id='word_1_83' title='bbox 354 1350 494 1404; x_wconf 74' lang='lat' dir='ltr'>extreme</span> <span class='ocrx_word' id='word_1_84' title='bbox 516 1363 571 1422; x_wconf 92' lang='lat' dir='ltr'>spe</span> <span class='ocrx_word' id='word_1_85' title='bbox 595 1344 708 1404; x_wconf 82' lang='lat' dir='ltr'>salutis</span> <span class='ocrx_word' id='word_1_86' title='bbox 731 1343 840 1421; x_wconf 90' lang='lat' dir='ltr'>iniquo</span> <span class='ocrx_word' id='word_1_87' title='bbox 858 1343 927 1403; x_wconf 93' lang='lat' dir='ltr'>loco</span> <span class='ocrx_word' id='word_1_88' title='bbox 949 1347 1059 1402; x_wconf 85' lang='lat' dir='ltr'>contra</span> <span class='ocrx_word' id='word_1_89' title='bbox 1078 1360 1130 1403; x_wconf 89' lang='lat' dir='ltr'>eos</span> <span class='ocrx_word' id='word_1_90' title='bbox 1155 1370 1181 1403; x_wconf 75' lang='grc' dir='ltr'>ια</span> 
     </span>
     <span class='ocr_line' id='line_1_13' title="bbox 130 1440 1131 1520; baseline -0.002 -19"><span class='ocrx_word' id='word_1_91' title='bbox 130 1442 185 1520; x_wconf 89' lang='lat' dir='ltr'>qui</span> <span class='ocrx_word' id='word_1_92' title='bbox 200 1462 239 1502; x_wconf 86' lang='lat' dir='ltr'>ex</span> <span class='ocrx_word' id='word_1_93' title='bbox 252 1442 337 1503; x_wconf 72' lang='lat' dir='ltr'>villo</span> <span class='ocrx_word' id='word_1_94' title='bbox 351 1441 553 1520; x_wconf 88' lang='lat' dir='ltr'>turribusque</span> <span class='ocrx_word' id='word_1_95' title='bbox 568 1441 633 1501; x_wconf 77' lang='lat' dir='ltr'>tela</span> <span class='ocrx_word' id='word_1_96' title='bbox 647 1441 794 1515; x_wconf 75' lang='lat' dir='ltr'>iacerent,</span> <span class='ocrx_word' id='word_1_97' title='bbox 806 1460 876 1501; x_wconf 88' lang='lat' dir='ltr'>oum</span> <span class='ocrx_word' id='word_1_98' title='bbox 892 1440 926 1499; x_wconf 97' lang='lat' dir='ltr'>in</span> <span class='ocrx_word' id='word_1_99' title='bbox 941 1448 1003 1500; x_wconf 78' lang='lat' dir='ltr'>rina</span> <span class='ocrx_word' id='word_1_100' title='bbox 1012 1440 1131 1499; x_wconf 78' lang='lat' dir='ltr'>virtute</span> 
     </span>
     <span class='ocr_line' id='line_1_14' title="bbox 130 1528 1132 1618; baseline -0.003 -20"><span class='ocrx_word' id='word_1_101' title='bbox 130 1539 231 1599; x_wconf 83' lang='lat' dir='ltr'>onmis</span> <span class='ocrx_word' id='word_1_102' title='bbox 261 1557 331 1618; x_wconf 87' lang='lat' dir='ltr'>spes</span> <span class='ocrx_word' id='word_1_103' title='bbox 361 1538 472 1599; x_wconf 77' lang='lat' dir='ltr'>salitis</span> <span class='ocrx_word' id='word_1_104' title='bbox 501 1528 696 1599; x_wconf 75' lang='lat' dir='ltr'>consisteret.</span> <span class='ocrx_word' id='word_1_105' title='bbox 756 1536 873 1598; x_wconf 90' lang='lat' dir='ltr'>Occisis</span> <span class='ocrx_word' id='word_1_106' title='bbox 901 1537 941 1597; x_wconf 82' lang='lat' dir='ltr'>ed</span> <span class='ocrx_word' id='word_1_107' title='bbox 969 1537 1132 1596; x_wconf 88' lang='lat' dir='ltr'>hominum</span> 
     </span>
     <span class='ocr_line' id='line_1_15' title="bbox 130 1633 1133 1714; baseline -0.002 -19"><span class='ocrx_word' id='word_1_108' title='bbox 130 1637 256 1697; x_wconf 89' lang='lat' dir='ltr'>milibus</span> <span class='ocrx_word' id='word_1_109' title='bbox 268 1642 417 1714; x_wconf 88' lang='lat' dir='ltr'>quattuor</span> <span class='ocrx_word' id='word_1_110' title='bbox 428 1635 543 1714; x_wconf 79' lang='lat' dir='ltr'>reliqui</span> <span class='ocrx_word' id='word_1_111' title='bbox 557 1635 590 1694; x_wconf 92' lang='lat' dir='ltr'>in</span> <span class='ocrx_word' id='word_1_112' title='bbox 605 1634 757 1714; x_wconf 88' lang='lat' dir='ltr'>oppidum</span> <span class='ocrx_word' id='word_1_113' title='bbox 772 1633 882 1695; x_wconf 87' lang='lat' dir='ltr'>reiecti</span> <span class='ocrx_word' id='word_1_114' title='bbox 897 1640 980 1694; x_wconf 91' lang='lat' dir='ltr'>sunt.</span> <span class='ocrx_word' id='word_1_115' title='bbox 1016 1635 1133 1694; x_wconf 84' lang='lat' dir='ltr'>Postri-</span> 
     </span>
     <span class='ocr_line' id='line_1_16' title="bbox 130 1732 1130 1819; baseline 0 -27"><span class='ocrx_word' id='word_1_116' title='bbox 130 1734 181 1793; x_wconf 88' lang='lat' dir='ltr'>die</span> <span class='ocrx_word' id='word_1_117' title='bbox 203 1734 269 1794; x_wconf 73' lang='lat' dir='ltr'>eius</span> <span class='ocrx_word' id='word_1_118' title='bbox 289 1733 353 1801; x_wconf 73' lang='lat' dir='ltr'>diei</span> <span class='ocrx_word' id='word_1_119' title='bbox 372 1733 516 1793; x_wconf 62' lang='lat' dir='ltr'>refractis</span> <span class='ocrx_word' id='word_1_120' title='bbox 532 1733 640 1811; x_wconf 88' lang='lat' dir='ltr'>portis,</span> <span class='ocrx_word' id='word_1_121' title='bbox 656 1752 728 1793; x_wconf 90' lang='lat' dir='ltr'>eum</span> <span class='ocrx_word' id='word_1_122' title='bbox 748 1732 812 1819; x_wconf 83' lang='lat' dir='ltr'>iam</span> <span class='ocrx_word' id='word_1_123' title='bbox 834 1732 1017 1792; x_wconf 72' lang='lat' dir='ltr'>defenderet</span> <span class='ocrx_word' id='word_1_124' title='bbox 1030 1738 1130 1806; x_wconf 75' lang='lat' dir='ltr'>nemo,</span> 
     </span>
     <span class='ocr_line' id='line_1_17' title="bbox 130 1828 1180 1910; baseline -0.003 -19"><span class='ocrx_word' id='word_1_125' title='bbox 130 1837 225 1910; x_wconf 85' lang='lat' dir='ltr'>atque</span> <span class='ocrx_word' id='word_1_126' title='bbox 241 1830 431 1898; x_wconf 82' lang='lat' dir='ltr'>intromissis</span> <span class='ocrx_word' id='word_1_127' title='bbox 446 1830 598 1892; x_wconf 85' lang='lat' dir='ltr'>militibus</span> <span class='ocrx_word' id='word_1_128' title='bbox 614 1829 731 1891; x_wconf 83' lang='lat' dir='ltr'>nostris</span> <span class='ocrx_word' id='word_1_129' title='bbox 746 1828 918 1890; x_wconf 79' lang='lat' dir='ltr'>sectionem</span> <span class='ocrx_word' id='word_1_130' title='bbox 935 1828 1002 1890; x_wconf 78' lang='lat' dir='ltr'>eius</span> <span class='ocrx_word' id='word_1_131' title='bbox 1021 1828 1130 1908; x_wconf 86' lang='lat' dir='ltr'>oppidi</span> <span class='ocrx_word' id='word_1_132' title='bbox 1155 1849 1180 1898; x_wconf 77' lang='grc' dir='ltr'>ιε</span> 
     </span>
     <span class='ocr_line' id='line_1_18' title="bbox 130 1926 1132 2006; baseline -0.003 -18"><span class='ocrx_word' id='word_1_133' title='bbox 130 1929 306 1989; x_wconf 80' lang='lat' dir='ltr'>universam</span> <span class='ocrx_word' id='word_1_134' title='bbox 322 1930 436 1991; x_wconf 84' lang='lat' dir='ltr'>Caesar</span> <span class='ocrx_word' id='word_1_135' title='bbox 450 1929 602 1990; x_wconf 82' lang='lat' dir='ltr'>vendidit.</span> <span class='ocrx_word' id='word_1_136' title='bbox 645 1927 697 1988; x_wconf 91' lang='lat' dir='ltr'>Ab</span> <span class='ocrx_word' id='word_1_137' title='bbox 712 1927 752 1986; x_wconf 91' lang='lat' dir='ltr'>iis</span> <span class='ocrx_word' id='word_1_138' title='bbox 767 1926 822 2006; x_wconf 91' lang='lat' dir='ltr'>qui</span> <span class='ocrx_word' id='word_1_139' title='bbox 837 1932 978 1987; x_wconf 78' lang='lat' dir='ltr'>emerant</span> <span class='ocrx_word' id='word_1_140' title='bbox 993 1927 1132 2004; x_wconf 82' lang='lat' dir='ltr'>capitum</span> 
     </span>
     <span class='ocr_line' id='line_1_19' title="bbox 130 2023 1117 2102; baseline -0.001 -17"><span class='ocrx_word' id='word_1_141' title='bbox 130 2045 277 2087; x_wconf 88' lang='lat' dir='ltr'>numerus</span> <span class='ocrx_word' id='word_1_142' title='bbox 292 2027 417 2100; x_wconf 76' lang='lat' dir='ltr'>adeum</span> <span class='ocrx_word' id='word_1_143' title='bbox 433 2026 551 2086; x_wconf 75' lang='lat' dir='ltr'>reldtus</span> <span class='ocrx_word' id='word_1_144' title='bbox 566 2031 615 2085; x_wconf 90' lang='lat' dir='ltr'>est</span> <span class='ocrx_word' id='word_1_145' title='bbox 629 2024 752 2084; x_wconf 89' lang='lat' dir='ltr'>milium</span> <span class='ocrx_word' id='word_1_146' title='bbox 767 2023 998 2102; x_wconf 60' lang='lat' dir='ltr'>quinquaginta</span> <span class='ocrx_word' id='word_1_147' title='bbox 1010 2023 1117 2084; x_wconf 86' lang='lat' dir='ltr'>trium.</span> 
     </span>
    </p>

    <p class='ocr_par' dir='ltr' id='par_1_4' title="bbox 210 2116 1014 2369">
     <span class='ocr_line' id='line_1_20' title="bbox 210 2116 1004 2204; baseline -0.004 -13"><span class='ocrx_word' id='word_1_148' title='bbox 210 2143 361 2203; x_wconf 80' lang='lat' dir='ltr'>intellego,</span> <span class='ocrx_word' id='word_1_149' title='bbox 369 2116 566 2204; x_wconf 64' lang='lat' dir='ltr'>perspiciofti.</span> <span class='ocrx_word' id='word_1_150' title='bbox 681 2140 811 2198; x_wconf 77' lang='lat' dir='ltr'>eruptio,</span> <span class='ocrx_word' id='word_1_151' title='bbox 825 2140 951 2197; x_wconf 68' lang='lat' dir='ltr'>excursio,</span> <span class='ocrx_word' id='word_1_152' title='bbox 963 2137 1004 2188; x_wconf 85' lang='lat'>30.</span> 
     </span>
     <span class='ocr_line' id='line_1_21' title="bbox 211 2222 1004 2306; baseline -0.001 -34"><span class='ocrx_word' id='word_1_153' title='bbox 211 2226 349 2284; x_wconf 78' lang='lat' dir='ltr'>denique,</span> <span class='ocrx_word' id='word_1_154' title='bbox 363 2225 466 2274; x_wconf 80' lang='lat' dir='ltr'>saltem.</span> <span class='ocrx_word' id='word_1_155' title='bbox 655 2259 667 2306; x_wconf 38' lang='grc' dir='ltr'><em>ρ</em></span> <span class='ocrx_word' id='word_1_156' title='bbox 681 2223 871 2282; x_wconf 72' lang='lat' dir='ltr'>significum,</span> <span class='ocrx_word' id='word_1_157' title='bbox 885 2222 1004 2285; x_wconf 73' lang='lat' dir='ltr'>signum,</span> 
     </span>
     <span class='ocr_line' id='line_1_22' title="bbox 211 2304 1014 2369; baseline -0.001 -14"><span class='ocrx_word' id='word_1_158' title='bbox 211 2306 414 2369; x_wconf 68' lang='lat' dir='ltr'>indiligenter,</span> <span class='ocrx_word' id='word_1_159' title='bbox 429 2306 602 2367; x_wconf 71' lang='lat' dir='ltr'>neglegenter.</span> <span class='ocrx_word' id='word_1_160' title='bbox 679 2306 811 2364; x_wconf 82' lang='lat' dir='ltr'>iniquus,</span> <span class='ocrx_word' id='word_1_161' title='bbox 824 2304 1014 2354; x_wconf 77' lang='lat' dir='ltr'>incommodus.</span> 
     </span>
    </p>
   </div>
   <div class='ocr_carea' id='block_1_4' title="bbox 211 2386 941 2530">
    <p class='ocr_par' dir='ltr' id='par_1_5' title="bbox 211 2386 941 2530">
     <span class='ocr_line' id='line_1_23' title="bbox 212 2386 941 2448; baseline -0.001 -12"><span class='ocrx_word' id='word_1_162' title='bbox 212 2389 335 2447; x_wconf 77' lang='lat' dir='ltr'>arduus,</span> <span class='ocrx_word' id='word_1_163' title='bbox 349 2386 473 2448; x_wconf 69' lang='lat' dir='ltr'>difficilis.</span> <span class='ocrx_word' id='word_1_164' title='bbox 680 2388 846 2446; x_wconf 74' lang='lat' dir='ltr'>iniversus,</span> <span class='ocrx_word' id='word_1_165' title='bbox 861 2387 941 2437; x_wconf 75' lang='lat' dir='ltr'>torm.</span> 
     </span>
     <span class='ocr_line' id='line_1_24' title="bbox 211 2469 931 2530; baseline -0.001 -11"><span class='ocrx_word' id='word_1_166' title='bbox 211 2471 394 2528; x_wconf 85' lang='lat' dir='ltr'>repentinus,</span> <span class='ocrx_word' id='word_1_167' title='bbox 407 2469 518 2519; x_wconf 75' lang='lat' dir='ltr'>scotus.</span> <span class='ocrx_word' id='word_1_168' title='bbox 680 2471 786 2530; x_wconf 72' lang='lat' dir='ltr'>refero,</span> <span class='ocrx_word' id='word_1_169' title='bbox 800 2470 931 2521; x_wconf 70' lang='lat' dir='ltr'>renuntio.</span> 
     </span>
    </p>
   </div>
   <div class='ocr_carea' id='block_1_5' title="bbox 202 2616 1056 2678">
    <p class='ocr_par' dir='ltr' id='par_1_6' title="bbox 202 2616 1056 2678">
     <span class='ocr_line' id='line_1_25' title="bbox 202 2616 1056 2678; baseline 0.002 -2"><span class='ocrx_word' id='word_1_170' title='bbox 202 2617 256 2676; x_wconf 81' lang='lat' dir='ltr'>All</span> <span class='ocrx_word' id='word_1_171' title='bbox 276 2617 323 2676; x_wconf 78' lang='lat' dir='ltr'>ilie</span> <span class='ocrx_word' id='word_1_172' title='bbox 343 2619 495 2676; x_wconf 79' lang='lat' dir='ltr'>maritime</span> <span class='ocrx_word' id='word_1_173' title='bbox 516 2618 639 2676; x_wconf 78' lang='lat' dir='ltr'>metiens</span> <span class='ocrx_word' id='word_1_174' title='bbox 659 2619 770 2676; x_wconf 79' lang='lat' dir='ltr'>submit</span> <span class='ocrx_word' id='word_1_175' title='bbox 790 2625 819 2677; x_wconf 81' lang='lat' dir='ltr'>io</span> <span class='ocrx_word' id='word_1_176' title='bbox 840 2617 887 2676; x_wconf 81' lang='grc'><strong>1116</strong></span> <span class='ocrx_word' id='word_1_177' title='bbox 909 2616 1056 2678; x_wconf 79' lang='lat' dir='ltr'>Romans.</span> 
     </span>
    </p>
   </div>
   <div class='ocr_carea' id='block_1_6' title="bbox 128 2738 1167 3402">
    <p class='ocr_par' dir='ltr' id='par_1_7' title="bbox 128 2738 1167 3282">
     <span class='ocr_line' id='line_1_26' title="bbox 169 2738 1131 2817; baseline -0.004 -13"><span class='ocrx_word' id='word_1_178' title='bbox 169 2738 227 2805; x_wconf 81' lang='lat'>34.</span> <span class='ocrx_word' id='word_1_179' title='bbox 249 2739 369 2800; x_wconf 80' lang='lat' dir='ltr'>Eodem</span> <span class='ocrx_word' id='word_1_180' title='bbox 391 2743 532 2817; x_wconf 85' lang='lat' dir='ltr'>tempore</span> <span class='ocrx_word' id='word_1_181' title='bbox 555 2757 574 2798; x_wconf 97' lang='grc'><strong>6</strong></span> <span class='ocrx_word' id='word_1_182' title='bbox 595 2738 630 2797; x_wconf 87' lang='lat' dir='ltr'>P.</span> <span class='ocrx_word' id='word_1_183' title='bbox 654 2738 776 2813; x_wconf 80' lang='lat' dir='ltr'>Crasse,</span> <span class='ocrx_word' id='word_1_184' title='bbox 800 2756 893 2816; x_wconf 91' lang='lat' dir='ltr'>quem</span> <span class='ocrx_word' id='word_1_185' title='bbox 915 2757 986 2798; x_wconf 89' lang='lat' dir='ltr'>cum</span> <span class='ocrx_word' id='word_1_186' title='bbox 1008 2738 1131 2816; x_wconf 80' lang='lat' dir='ltr'>legione</span> 
     </span>
     <span class='ocr_line' id='line_1_27' title="bbox 128 2825 1130 2912; baseline 0.001 -17"><span class='ocrx_word' id='word_1_187' title='bbox 128 2843 191 2896; x_wconf 74' lang='lat' dir='ltr'>rina</span> <span class='ocrx_word' id='word_1_188' title='bbox 210 2841 338 2897; x_wconf 81' lang='lat' dir='ltr'>miserat</span> <span class='ocrx_word' id='word_1_189' title='bbox 358 2836 400 2897; x_wconf 88' lang='lat' dir='ltr'>ad</span> <span class='ocrx_word' id='word_1_190' title='bbox 419 2836 567 2910; x_wconf 82' lang='lat' dir='ltr'>Venetos,</span> <span class='ocrx_word' id='word_1_191' title='bbox 589 2835 731 2910; x_wconf 90' lang='lat' dir='ltr'>Unellos,</span> <span class='ocrx_word' id='word_1_192' title='bbox 748 2834 897 2910; x_wconf 84' lang='lat' dir='ltr'>Osismos,</span> <span class='ocrx_word' id='word_1_193' title='bbox 913 2825 1130 2912; x_wconf 77' lang='lat' dir='ltr'>Ouriosolitas,</span> 
     </span>
     <span class='ocr_line' id='line_1_28' title="bbox 128 2913 1133 3010; baseline -0.002 -17"><span class='ocrx_word' id='word_1_194' title='bbox 128 2933 272 3008; x_wconf 86' lang='lat' dir='ltr'>Esuvios,</span> <span class='ocrx_word' id='word_1_195' title='bbox 294 2933 455 3008; x_wconf 80' lang='lat' dir='ltr'>Aulercos,</span> <span class='ocrx_word' id='word_1_196' title='bbox 478 2913 633 3008; x_wconf 47' lang='lat' dir='ltr'>Redones,</span> <span class='ocrx_word' id='word_1_197' title='bbox 656 2950 736 3010; x_wconf 80' lang='lat' dir='ltr'>quoe</span> <span class='ocrx_word' id='word_1_198' title='bbox 761 2936 835 2991; x_wconf 88' lang='lat' dir='ltr'>sunt</span> <span class='ocrx_word' id='word_1_199' title='bbox 859 2931 1036 2993; x_wconf 79' lang='lat' dir='ltr'>maritimae</span> <span class='ocrx_word' id='word_1_200' title='bbox 1060 2933 1133 2993; x_wconf 87' lang='lat' dir='ltr'>civi-</span> 
     </span>
     <span class='ocr_line' id='line_1_29' title="bbox 128 3017 1131 3108; baseline 0.002 -19"><span class='ocrx_word' id='word_1_201' title='bbox 128 3035 211 3091; x_wconf 71' lang='lat' dir='ltr'>tites</span> <span class='ocrx_word' id='word_1_202' title='bbox 227 3017 446 3108; x_wconf 74' lang='lat' dir='ltr'>Oceanumque</span> <span class='ocrx_word' id='word_1_203' title='bbox 460 3029 631 3107; x_wconf 86' lang='lat' dir='ltr'>attingunt,</span> <span class='ocrx_word' id='word_1_204' title='bbox 644 3029 759 3090; x_wconf 82' lang='lat' dir='ltr'>certior</span> <span class='ocrx_word' id='word_1_205' title='bbox 774 3029 877 3090; x_wconf 77' lang='lat' dir='ltr'>fectus</span> <span class='ocrx_word' id='word_1_206' title='bbox 892 3035 942 3090; x_wconf 92' lang='lat' dir='ltr'>est</span> <span class='ocrx_word' id='word_1_207' title='bbox 956 3049 1063 3090; x_wconf 90' lang='lat' dir='ltr'>omnes</span> <span class='ocrx_word' id='word_1_208' title='bbox 1079 3049 1131 3091; x_wconf 86' lang='lat' dir='ltr'>eas</span> 
     </span>
     <span class='ocr_line' id='line_1_30' title="bbox 129 3125 1167 3205; baseline 0.005 -19"><span class='ocrx_word' id='word_1_209' title='bbox 129 3126 273 3186; x_wconf 60' lang='lat' dir='ltr'>civitates</span> <span class='ocrx_word' id='word_1_210' title='bbox 295 3125 329 3184; x_wconf 91' lang='lat' dir='ltr'>in</span> <span class='ocrx_word' id='word_1_211' title='bbox 350 3126 505 3187; x_wconf 78' lang='lat' dir='ltr'>dicionem</span> <span class='ocrx_word' id='word_1_212' title='bbox 520 3131 773 3205; x_wconf 58' lang='lat' dir='ltr'>potestatemque</span> <span class='ocrx_word' id='word_1_213' title='bbox 788 3125 898 3204; x_wconf 91' lang='lat' dir='ltr'>populi</span> <span class='ocrx_word' id='word_1_214' title='bbox 912 3127 1048 3188; x_wconf 73' lang='lat' dir='ltr'>Remini</span> <span class='ocrx_word' id='word_1_215' title='bbox 1063 3146 1131 3188; x_wconf 87' lang='lat' dir='ltr'>esse</span> <span class='ocrx_word' id='word_1_216' title='bbox 1153 3145 1167 3191; x_wconf 85' lang='lat'><strong>5</strong></span> 
     </span>
     <span class='ocr_line' id='line_1_31' title="bbox 129 3223 279 3282; baseline 0 0"><span class='ocrx_word' id='word_1_217' title='bbox 129 3223 279 3282; x_wconf 63' lang='lat' dir='ltr'>redactas</span> 
     </span>
    </p>

    <p class='ocr_par' dir='ltr' id='par_1_8' title="bbox 211 3337 1049 3402">
     <span class='ocr_line' id='line_1_32' title="bbox 211 3337 1049 3402; baseline 0.001 -15"><span class='ocrx_word' id='word_1_218' title='bbox 211 3337 341 3399; x_wconf 76' lang='lat' dir='ltr'>attingo,</span> <span class='ocrx_word' id='word_1_219' title='bbox 354 3343 444 3402; x_wconf 75' lang='lat' dir='ltr'>tango.</span> <span class='ocrx_word' id='word_1_220' title='bbox 520 3339 608 3398; x_wconf 82' lang='lat' dir='ltr'>dicio,</span> <span class='ocrx_word' id='word_1_221' title='bbox 622 3340 770 3401; x_wconf 78' lang='lat' dir='ltr'>imperium.</span> <span class='ocrx_word' id='word_1_222' title='bbox 845 3339 959 3401; x_wconf 76' lang='lat' dir='ltr'>redigo,</span> <span class='ocrx_word' id='word_1_223' title='bbox 968 3339 1049 3401; x_wconf 70' lang='lat' dir='ltr'>pico.</span> 
     </span>
    </p>
   </div>
   <div class='ocr_carea' id='block_1_7' title="bbox 0 0 1350 3675">
    <p class='ocr_par' dir='ltr' id='par_1_9' title="bbox 0 0 1350 3675">
     <span class='ocr_line' id='line_1_33' title="bbox 0 0 1350 3675; baseline 0 0"><span class='ocrx_word' id='word_1_224' title='bbox 0 0 1350 3675; x_wconf 95' lang='lat' dir='ltr'> </span> 
     </span>
    </p>
   </div>
  </div>
 </body>
</html>
