2692 3675
9 3179 11 3224 l

9 3239 11 3278 l

163 145 206 211 40
302 181 316 209 ·
531 162 561 210 c.
584 162 664 209 runi
687 160 865 209 cursurus

214 329 433 407 adaequarent,
460 334 492 388 et
517 333 623 389 tamen
646 328 771 389 circiter
796 333 885 406 parte
913 327 1016 403 tertia,
1043 332 1079 387 nt
1106 333 1217 405 postea

214 431 413 506 perspectum
437 432 494 502 est,
517 425 619 485 celata
642 431 737 503 atque
762 423 796 484 in
820 424 936 503 oppido
960 429 1092 502 retenta,
1114 425 1216 503 portis

214 523 381 602 patefactis
397 542 433 583 eo
447 523 498 583 die
513 541 589 602 pace
605 528 680 582 sunt
694 523 752 582 usi.

255 619 312 685 33.
344 619 408 680 Sub
422 638 588 698 vesperum
602 619 716 679 Caesar
730 624 837 697 portas
858 618 962 680 claudi
981 617 1161 697 militesque
1176 639 1215 679 ex

179 741 190 791 ς
214 717 329 796 oppido
343 717 428 776 exire
443 716 545 792 iussit,
561 735 599 775 ne
615 735 709 794 quam
723 722 819 777 noctu
833 716 983 794 oppidani
1001 717 1041 776 ab
1060 716 1215 776 militibus

214 814 363 874 iniuriam
383 814 568 892 acciperent.
612 813 668 872 Illi
689 820 762 873 ante
783 813 872 888 inito,
887 817 924 872 ut
945 812 1142 872 intellectum
1156 820 1214 889 est,

215 911 354 986 consili0,
379 912 464 989 quod
487 910 755 990 deditione‘facta
778 915 903 970 nostros
926 909 1083 988 praesidia
1105 910 1217 969 deduc-

214 1013 302 1068 turos
316 1014 371 1067 aut
386 1008 521 1086 denique
536 1008 755 1085 indiligentius
770 1012 948 1067 servaturos
969 1006 1166 1068 crediderant
1175 1044 1216 1054 -

214 1104 328 1184 partim
354 1124 425 1165 cunr
450 1104 489 1165 iis
514 1123 593 1183 quae
621 1104 816 1164 retinuerant
843 1110 876 1164 et
904 1105 1081 1163 celaverant
1110 1104 1215 1179 armis,

166 1224 195 1259 ιο
214 1202 330 1280 partim
352 1202 450 1262 scutis
475 1221 515 1262 ex
539 1201 653 1262 cortice
679 1201 773 1261 factis
798 1206 853 1261 aut
878 1200 1048 1260 viminibus
1072 1201 1215 1276 intextis

215 1318 293 1378 quae
308 1300 421 1375 subito,
433 1305 470 1360 ut
483 1299 634 1377 temporis
650 1298 805 1375 exiguitas
820 1298 1009 1376 postulabat,
1021 1297 1156 1375 pellibus
1171 1298 1218 1357 in-

215 1396 656 1473 duxerant-tertiavigilia,
673 1415 736 1474 qua
752 1395 880 1455 minime
895 1395 1010 1455 arduus
1032 1395 1071 1454 ad
1093 1401 1217 1455 nostras

215 1495 405 1555 munitiones
420 1513 567 1555 ascensus
581 1493 757 1568 videbatur,
772 1492 917 1551 omnibus
935 1492 1033 1569 copiis
1051 1493 1217 1569 repentino

215 1612 254 1652 ex
275 1592 390 1670 oppido
412 1592 607 1670 eruptionem
629 1590 781 1650 fecerunt.
825 1588 985 1665 Celeriter,
1001 1594 1038 1648 ut
1057 1594 1129 1649 ante
1144 1590 1218 1650 an-

167 1714 191 1762 15
215 1708 266 1750 sar
287 1689 464 1767 imperarat,
486 1688 611 1765 ignibus
637 1686 867 1765 significatione
891 1687 977 1746 facta
1001 1706 1040 1745 ex
1064 1686 1217 1764 proximis

215 1786 354 1848 castellis
376 1805 412 1847 eo
433 1804 617 1847 concursum
635 1790 692 1861 est,
708 1788 944 1863 pugnatumque
959 1784 998 1845 ab
1012 1783 1155 1845 hostibus
1170 1784 1219 1844 ita

215 1885 330 1945 acriter
354 1889 402 1945 est
429 1889 466 1944 ut
494 1903 513 1943 a
536 1883 614 1942 viris
639 1882 777 1942 fortibus
802 1881 835 1940 in
860 1887 1001 1941 extrema
1024 1901 1079 1958 spe
1104 1881 1217 1941 salutis

215 1983 324 2061 iniquo
338 1982 406 2042 loco
420 1986 530 2042 contra
544 1999 595 2041 eos
612 1980 666 2058 qui
688 1998 727 2039 ex
748 1978 832 2039 vallo
846 1979 1048 2056 turribusque
1063 1979 1127 2038 tela
1140 1979 1220 2054 iace-

216 2085 286 2140 rent
313 2078 446 2158 pugnari
474 2079 591 2154 debuit,
617 2096 688 2137 cum
716 2077 749 2136 in
778 2095 841 2137 nna
867 2076 987 2141 uirtute
1014 2075 1115 2135 omnis
1144 2094 1218 2153 spes

165 2207 194 2238 20
216 2176 327 2236 salutis
349 2176 542 2236 consisteret.
585 2174 705 2236 Occisis
730 2174 770 2234 ad
794 2172 956 2233 hominum
977 2173 1104 2232 milibus
1129 2179 1220 2251 quat

215 2279 287 2334 tuor
301 2273 415 2352 reliqui
430 2274 465 2331 in
478 2273 628 2351 oppidum
642 2271 751 2332 reiecti
766 2275 849 2332 sunt.
891 2270 1050 2330 Postridie
1070 2270 1138 2330 eius
1153 2270 1219 2330 diei

216 2370 360 2431 refractis
382 2369 490 2448 portia,
506 2388 575 2429 cum
597 2369 661 2434 iam
681 2369 865 2429 defenderet
886 2386 984 2443 nemu,
1007 2373 1102 2445 atque
1124 2367 1221 2426 intro

215 2467 320 2528 missis
336 2466 491 2526 militibus
507 2467 623 2526 nostris
639 2466 809 2526 sectionem
827 2465 894 2524 eius
914 2463 1023 2542 oppidi
1037 2463 1218 2523 universam

215 2566 330 2626 Caesar
343 2563 495 2622 vendidit.
539 2564 589 2622 Ab
611 2563 650 2622 iis
672 2563 727 2641 qui
749 2567 889 2622 emerant
911 2561 1050 2639 capitum
1068 2579 1219 2620 numerus

165 2687 192 2734 25
216 2663 256 2721 ad
270 2681 340 2721 eum
355 2659 472 2720 relatus
487 2665 535 2719 est
550 2659 673 2718 milium
688 2659 917 2737 quinquaginta
930 2657 1035 2718 trium.

257 2757 314 2824 34.
343 2757 461 2816 Eodem
484 2761 623 2834 tempore
648 2775 667 2816 a
687 2757 722 2816 P.
746 2757 866 2832 Crasso,
889 2775 981 2834 quem
1003 2775 1074 2815 cum
1094 2755 1220 2832 legione

216 2875 279 2915 una
299 2853 427 2912 miserat
449 2855 489 2912 ad
509 2854 655 2928 Venetos
677 2852 819 2927 Unellos
836 2853 984 2927 Osismos
1001 2852 1218 2928 Curiosolitas,

216 2951 359 3024 Esurios,
382 2950 542 3025 Aulercos,
565 2950 720 3025 Redones,
743 2968 823 3028 quae
848 2955 922 3009 sunt
946 2949 1122 3009 maritimae
1145 2949 1220 3008 civi·

216 3056 297 3111 tates
324 3050 543 3126 Oceanumque
568 3047 740 3124 attingunt,
766 3046 881 3107 certior
905 3046 1008 3108 factus
1034 3051 1082 3106 est
1110 3065 1220 3106 omnes

167 3171 195 3216 30
216 3166 268 3206 eas
290 3146 435 3205 civitates
457 3145 492 3203 in
512 3143 668 3204 dicionem
689 3148 942 3221 potestatemque
959 3143 1068 3222 populi
1083 3143 1221 3204 Romani

216 3261 284 3302 esse
299 3243 449 3302 redactas.
