2692 3675
163 120 205 185 36
529 134 560 181 c.
583 133 662 181 rum
685 131 863 181 cansnsrs

212 306 316 363 castra
340 302 498 379 compleri,
522 301 659 378 legiones
682 300 783 379 premi
807 304 840 359 et
865 318 963 378 paene
986 300 1214 361 circumventas

211 398 323 474 teneri,
349 398 481 474 calones,
508 398 639 475 equites,
667 397 855 473 funditores,
882 396 1048 472 Numidas,
1074 396 1213 457 diversos

212 496 444 574 dissipatosque
466 495 498 554 in
520 514 627 555 omnes
648 501 754 573 partes
769 495 880 572 fugere
893 494 1058 569 vidissent,
1074 495 1215 571 despera

212 592 255 652 tis
269 592 387 653 nostris
408 593 500 653 rebus
523 592 650 652 domum
664 592 912 667 contenderunt;
934 591 1092 651 Romanos
1107 591 1213 669 pulsos

176 716 188 765 5
212 696 445 767 superatosque,
461 690 574 750 castris
596 688 893 766 impedimentisque
914 707 1019 748 eorum
1037 688 1144 747 hostes
1164 706 1215 766 po

212 788 288 846 titos
304 785 427 846 civitati
442 786 710 846 renuntiaverunt.

253 882 310 949 25.
339 884 453 945 Caesar
474 884 513 944 ab
534 883 671 944 decimae
691 883 824 960 legionis
845 883 1060 943 cohortatione
1082 883 1122 942 ad
1143 882 1204 941 dex

211 988 295 1039 trum
310 999 405 1040 cornu
419 980 589 1057 profectus,
604 980 658 1039 ubi
674 998 747 1040 suos
762 980 866 1056 urgeri
881 980 1044 1057 signisque
1064 979 1098 1037 in
1116 998 1214 1037 unum

212 1078 314 1137 locum
328 1077 460 1138 conlatis
476 1077 676 1137 duodecimae
691 1076 824 1154 legionis
839 1077 997 1137 confertos
1012 1076 1131 1135 milites
1152 1074 1213 1135 sibi

164 1198 190 1228 10
212 1175 297 1252 ipsos
332 1175 372 1234 ad
407 1193 542 1252 pugnam
578 1193 645 1233 esse
681 1174 907 1252 impedimento
939 1173 1214 1250 vidit—quartae

211 1271 348 1332 cohortis
370 1271 514 1331 omnibus
537 1271 772 1331 centurionibus
793 1270 905 1331 occisis
930 1270 1144 1348 signiferoque
1169 1269 1214 1328 in-

211 1370 352 1444 terfecto,
379 1369 468 1446 signo
496 1369 619 1444 amiss0,
648 1368 838 1446 reliquarum
866 1367 1043 1427 cohortium
1068 1367 1213 1427 omnibus

212 1467 277 1526 fere
299 1466 533 1526 centurionibus
555 1472 610 1525 aut
632 1465 804 1525 vulneratis
826 1470 881 1525 aut
902 1464 1021 1540 occisis,
1038 1465 1071 1524 in
1088 1464 1138 1523 his
1153 1464 1215 1541 pri-

212 1563 321 1642 mipilo
341 1564 377 1622 P.
401 1562 509 1622 Sextio
534 1562 660 1638 Baculo,
685 1563 858 1623 fortissimo
880 1563 956 1637 viro,
979 1562 1088 1622 multis
1113 1560 1214 1639 gravi·

163 1678 187 1726 15
211 1661 331 1738 busque
358 1659 541 1720 vulneribus
568 1660 713 1720 confecto
742 1666 778 1720 ut
806 1661 868 1719 iam
900 1679 933 1720 se
964 1660 1119 1719 sustinere
1150 1677 1212 1717 uon

212 1763 326 1836 posset,
344 1757 485 1834 'reliquos
508 1776 576 1817 esse
596 1758 758 1834 tardiores,
778 1763 811 1817 et
834 1757 1001 1818 nonnullos
1021 1757 1060 1816 ab
1083 1755 1215 1815 novissi-

211 1855 271 1916 mis
286 1856 408 1915 deserto
424 1855 543 1933 proelio
564 1857 712 1916 excedere
733 1875 769 1916 ac
785 1855 850 1916 tela
865 1855 974 1930 vitare,
990 1855 1096 1915 hostes
1112 1873 1214 1931 neque

211 1973 230 2013 a
252 1953 356 2013 fronte
378 1971 417 2012 ex
438 1952 586 2013 inferiore
607 1953 676 2014 loco
697 1955 866 2014 subeuntes
888 1952 1099 2012 intermittere
1120 1957 1152 2012 et
1172 1952 1215 2012 ab

211 2058 344 2130 utroque
372 2053 470 2114 latere
499 2052 626 2127 instare,
652 2060 684 2112 et
713 2073 776 2113 rem
804 2073 873 2114 esse
901 2054 934 2113 in
962 2059 1096 2131 angusto
1120 2051 1214 2128 vidit,

163 2179 189 2210 ιο
212 2168 311 2228 neque
340 2151 442 2210 ullum
472 2169 540 2210 esse
569 2151 744 2210 subsidium
773 2152 856 2229 quod
884 2150 1029 2212 submitti
1057 2155 1216 2228 posset—

212 2252 301 2307 scuto
315 2248 354 2308 ab
368 2247 548 2307 novissimis
563 2247 618 2307 uni
634 2247 730 2307 militi
745 2248 894 2322 detract0,
911 2248 995 2325 quod
1009 2247 1076 2325 ipse
1090 2266 1127 2306 eo
1144 2245 1214 2306 sine

212 2349 300 2404 scuto
327 2351 466 2420 venerat,
496 2344 528 2402 in
556 2345 690 2422 primam
718 2346 816 2406 aciem
843 2345 997 2423 processit
1026 2343 1216 2404 centurioni-

211 2442 331 2519 busque
349 2441 534 2501 nominatim
555 2443 722 2519 appellatis
740 2443 878 2520 reliquos
896 2443 1078 2502 cohortatus
1096 2440 1214 2500 milites

211 2539 302 2616 signa
329 2539 445 2598 inferre
474 2543 506 2598 et
534 2538 710 2616 manipulos
738 2540 845 2600 laxare
873 2539 975 2615 iussit,
1001 2558 1063 2617 quo
1088 2537 1214 2598 facilius

161 2659 187 2706 25
211 2635 323 2712 gladiis
345 2635 394 2695 uti
414 2641 551 2713 possent.
595 2635 692 2696 Cuius
707 2637 845 2696 adventu
866 2657 921 2715 spe
942 2637 1043 2698 inlata
1056 2635 1214 2696 militibus

211 2752 246 2793 ac
261 2732 473 2810 redintegrato
488 2732 600 2806 anim0,
617 2752 687 2792 cum
709 2752 765 2811 pro
787 2753 820 2794 se
843 2735 976 2813 quisque
994 2735 1026 2793 in
1044 2739 1215 2812 conspectu

212 2830 410 2908 imperatoris
432 2830 527 2889 etiam
548 2829 581 2888 in
604 2830 752 2890 extremis
770 2831 835 2891 suis
851 2833 942 2892 rebus
957 2851 1083 2911 operam
1098 2849 1215 2890 navare

211 2934 346 3005 cuperet,
363 2928 490 3005 paulum
505 2927 643 2986 hostium
660 2927 796 3006 impetus
811 2929 954 2989 tardatus
969 2937 1026 2990 cst.

253 3025 310 3091 26.
340 3026 454 3085 Caesar
475 3043 544 3084 oum
567 3024 733 3102 septimam
754 3026 917 3102 legionem,
934 3046 1013 3105 quae
1035 3027 1124 3086 iuxta
1145 3045 1216 3086 con-

162 3144 190 3190 30
212 3121 346 3196 stiterat,
364 3122 439 3181 item
461 3123 565 3199 urgeri
587 3122 626 3182 ab
647 3122 738 3182 hoste
754 3123 894 3198 vidisset,
910 3125 1053 3184 tribunos
1076 3123 1217 3182 militum

212 3218 334 3279 monuit
354 3224 392 3277 ut
413 3218 566 3296 paulatim
588 3237 655 3278 sese
677 3219 816 3296 legiones
838 3220 1062 3298 coniungerent
1087 3227 1120 3279 et
1144 3239 1219 3279 con-

212 3333 303 3375 versa
323 3314 413 3392 signa
437 3313 470 3373 in
493 3313 600 3375 hostes
626 3315 789 3375 inferrent.
832 3316 899 3387 Quo
924 3317 1017 3392 facto,
1038 3336 1110 3377 cum
1131 3317 1218 3378 alius
